4546 5760
180 156 256 236 us
886 128 1222 209 canutunu
1265 135 1378 255 *uta
1404 130 1486 212 ιιι.
1618 93 1626 100 ’
1872 119 1876 127 ·
2144 147 2216 225 020

182 329 282 399 Sicut
300 346 449 396 arenoso
465 318 590 390 sitiens
608 313 645 383 in
664 305 790 379 littore'
801 301 950 390 coneha,
1234 303 1304 378 Hic
1319 313 1426 378 modo
1442 335 1521 379 rum
1540 311 1690 403 patriam
1708 313 1809 385 iustis
1823 317 2029 391 defenderet
2044 317 2173 403 armis,

236 430 393 521 Quando
408 448 511 496 suum
530 420 684 511 primum
706 411 776 480 Ver
794 413 900 480 modo
915 425 1053 500 tempus
1070 407 1157 498 agit:
1286 410 1521 506 Fudissetqu'e
1542 414 1658 485 hostes
1674 417 1866 488 attxiliante
1881 417 1969 490 Deo.

185 534 321 604 Siceior
337 556 356 599 a
374 527 463 597 coeli
482 523 677 594 stillantem
693 512 839 584 cardine
857 535 986 596 rorem,
1235 510 1376 583 Fraude
1391 517 1518 603 globus
1535 517 1663 587 missus
1679 521 1848 590 victorem
1865 523 2051 606 vulnerat,
2076 521 2163 591 inde

238 633 411 721 Pinguior
426 640 467 698 ut
484 626 544 695 bat
557 618 759 697 fertilitate,
786 613 889 705 petit:
1287 613 1372 686 Post
1388 641 1541 707 pugnam
1555 621 1647 688 vitae
1665 645 1740 711 uon
1760 647 1857 692 mora
1875 623 1980 713 longa
1997 624 2079 694 luit.

187 738 270 826 Quo
288 739 377 803 bene
393 752 490 800 nuuc
507 723 631 794 hausto
646 719 758 812 (quod
778 730 812 793 et
825 730 877 784 est
891 713 1055 783 mirabile
1067 711 1183 808 dictu)
1235 711 1498 788 Commendans
1514 720 1669 789 animam
1686 727 1745 791 sed
1760 721 1924 810 Christo,
1949 725 2097 796 exordia
2115 724 2204 794 vitae

240 839 393 908 Gemma
407 827 570 902 salutaris
589 821 759 895 cordibus
773 817 858 887 inde
870 816 986 885 venit:
1285 816 1415 889 Hausit
1429 822 1587 892 coelestis
1605 847 1679 891 uon
1694 826 1975 902 dubitante-lide.
2258 802 2265 925 i

187 940 285 1011 Haec
302 951 420 1008 tamen
437 934 476 999 iu
492 925 628 1016 magnis
644 919 849 1012 generosior
867 933 941 988 acta
958 915 1133 1009 procellis,
1236 914 1302 990 Est
1316 921 1450 1011 fragilis
1468 937 1593 993 notura
1616 919 1824 1010 hominum,
1850 930 1910 998 sed
1927 930 2078 999 reddere
2097 929 2188 1000 vitae
2256 950 2265 1023 t

241 1041 281 1111 Si
297 1039 404 1105 modo
421 1045 500 1126 post
512 1051 629 1098 rorem
644 1025 748 1096 turba
770 1035 956 1111 sequatur,
983 1019 1066 1089 erit:
1288 1021 1429 1092 Gaudia
1447 1025 1525 1094 vult
1538 1020 1702 1096 Christus
1719 1053 1792 1096 uun
1807 1030 1981 1101 moritura
1999 1031 2082 1123 piis.
2258 1044 2265 1127 t

189 1142 304 1212 Parva
319 1132 554 1225 redemptoris
569 1130 619 1197 sic
634 1141 686 1196 est
699 1120 856 1194 Ecclesia
872 1116 1020 1204 Christi,
1994 1140 2009 1153 ,
2263 1130 2265 1137 .

241 1243 364 1313 Donec
379 1240 419 1307 iu
434 1232 502 1305 hac
518 1229 645 1301 mundi
663 1226 865 1295 colluvione
882 1223 976 1294 latet.
1256 1260 1326 1270 ...

190 1344 339 1438 Appetit
356 1367 374 1410 e
391 1339 490 1408 coelo
508 1331 693 1405 coelestiae
707 1330 890 1417 dogmata,
913 1347 1044 1402 rorem,
2253 1408 2256 1415 Ι

244 1445 414 1533 Dogmata
431 1435 584 1506 viventis
601 1431 729 1502 tradita
747 1451 832 1499 voce
846 1424 925 1498 Dei.
1239 1425 1305 1498 No.
1320 1426 1408 1500 275.
2038 1486 2045 1495 ,
2062 1467 2115 1510 m·
2141 1442 2223 1509 ¹553·

192 1551 272 1621 Hoc
287 1550 336 1615 sic
351 1554 497 1614 attracto
514 1537 657 1607 sitiendi
673 1533 713 1600 in
728 1545 869 1622 pectore
885 1550 978 1612 rore,
1245 1523 1418 1553 Μ
1696 1601 1697 1605 ¹
2058 1532 2221 1564 sem

242 1648 409 1719 Nascitur
425 1645 535 1734 inque
548 1637 675 1724 animis
688 1657 769 1701 mox
790 1655 881 1699 nova
898 1652 1034 1719 gemma
1054 1627 1133 1721 piis.
1307 1625 1387 1711 apud
1404 1625 1531 1682 vincent.
1548 1643 1574 1697 p.
1586 1626 1646 1687 2⁴6.
1682 1628 1768 1687 cont.
1786 1629 1851 1687 vot.
1866 1629 1941 1688 vttt.
1956 1653 1982 1706 p.
1996 1634 2060 1694 355,
2157 1622 2162 1635 '

194 1753 336 1825 Scilicet
351 1746 485 1838 agnitio
505 1765 587 1810 vero
603 1741 646 1807 de
663 1735 809 1804 nomine
827 1755 943 1815 verae,

245 1851 407 1943 Cumque
422 1845 487 1915 Dei
502 1842 613 1931 surgit
627 1840 726 1907 firma
743 1839 871 1906 timore
887 1834 985 1902 tides.

195 1953 342 2026 Aeterni
360 1950 500 2020 bonitas
514 1960 600 2015 tunc
617 1943 655 2010 fit
668 1949 857 2028 conspecta
868 1934 1034 2026 parentis,

248 2056 402 2144 Quando
420 2051 489 2117 lide
504 2058 624 2139 pectus
641 2041 747 2111 sentit
763 2040 883 2109 adesse
897 2029 1026 2136 λόγον.

1236 1776 1487 1872 Epitaphium
1517 1786 1704 1875 scriptum
1737 1789 1927 1885 decepto
1961 1795 2138 1891 uenatu
2160 1768 2224 1869 ai-

1144 1890 1149 1897 ’
1239 1880 1405 1965 dultinc,
1431 1885 1969 1988 PraepositoMupdeburpenst‘
1983 1898 2224 1988 autumus,

1237 1987 1302 2077 pte.
1316 1980 1542 2077 placideque
1564 1990 1646 2058 utta
1669 1985 1855 2083 defuncto
1875 1992 1929 2067 ttt.
1944 1996 2023 2068 cat.
2038 1999 2155 2073 Decb
2171 2023 2223 2075 us.

194 2158 291 2228 Haec
308 2159 368 2226 lus
383 2167 488 2246 atque
504 2149 591 2216 fides
609 2146 703 2214 iuter
722 2139 914 2211 certamina
930 2136 1065 2216 crescit,
1243 2084 1365 2176 ὕπ’
1400 2107 1485 2157 cum
1504 2089 1661 2170 mmet
1685 2113 1751 2170 ‘m‘
1773 2091 1843 2180 Μ’
1875 2116 1993 2169 'nem'
2013 2096 2062 2191 2’
2093 2099 2222 2191 (καί
2263 2168 2265 2189 ⁴

247 2255 338 2328 Cum
357 2255 443 2348 petit
459 2250 630 2320 auxilium
648 2245 800 2312 maxime
812 2236 955 2310 Christe
972 2253 1086 2309 tuum.
1657 2189 1738 2264 '²⁰²'-
1760 2192 1819 2269 14·

195 2360 293 2431 Haec
310 2379 451 2452 quoque
467 2350 610 2422 contriti
626 2346 743 2418 cordis
759 2348 838 2414 data
856 2365 991 2432 gemma
1008 2337 1139 2416 dolori,
1243 2338 1421 2431 Principis
1436 2335 1589 2412 Ascania
1602 2343 1679 2414 nati
1694 2345 1738 2413 de
1752 2345 1861 2439 stirpe
1876 2347 2046 2440 Georgii,

251 2459 362 2532 Unica
379 2459 536 2529 solamen
554 2454 648 2544 quod
668 2448 883 2530 medicatur,
910 2439 1029 2516 habet.
1295 2439 1412 2530 Quem
1426 2442 1542 2513 cernis
1556 2446 1715 2515 tumulus
1732 2452 1914 2537 proximus
1929 2475 2007 2523 ussa
2027 2457 2125 2547 tegit.

197 2549 355 2634 Praestat
374 2575 407 2630 et
423 2571 585 2628 aeternae
603 2551 783 2621 verissima
800 2546 928 2638 gaudia
945 2546 1051 2629 vitae,
1243 2541 1337 2612 Huic
1353 2543 1422 2611 fuit
1434 2538 1608 2616 Ernestus
1624 2547 1782 2637 genitor,
1814 2552 1877 2641 qui
1895 2554 1989 2643 pacis
2004 2578 2126 2629 amore
2252 2576 2265 2593 ·

253 2664 395 2735 Gaudia
411 2682 499 2752 quae
516 2657 616 2725 nullo
632 2666 715 2721 sunt
736 2649 909 2718 moritura
924 2646 994 2718 die.
1295 2640 1497 2714 Promeruit
1513 2649 1646 2738 patriae
1662 2650 1772 2719 totius
1785 2675 1859 2721 esse
1875 2667 1986 2744 pater.

199 2766 275 2837 Has
292 2777 435 2857 propter
449 2781 568 2827 causas
584 2756 627 2823 ad
645 2752 819 2844 gemmam
839 2751 1003 2839 dogmata
1019 2746 1124 2838 pacis,
1245 2743 1375 2814 Matris
1390 2758 1465 2815 erat
1479 2763 1591 2819 castae
1607 2747 1951 2843 Monsterbergensis
1967 2757 2086 2848 origo,

253 2868 368 2936 Filius
384 2860 518 2931 aeterni
534 2868 713 2944 comparat
731 2854 803 2944 ipse
821 2850 897 2922 Dei.
1126 2852 1128 2856 ’
1297 2846 1442 2917 Sincera
1460 2848 1571 2918 coluit
1586 2875 1676 2943 quae
1690 2855 1818 2944 pietate
1834 2853 1963 2930 Deum.

201 2967 298 3060 Ergo
314 2966 416 3035 bonis
432 2960 560 3032 studiis
577 2961 703 3035 deeras,
730 2952 954 3025 ornatissime
969 2945 1098 3030 David,
1246 2943 1419 3016 Ascaniae
1435 2950 1548 3037 gentis
1564 2953 1677 3021 virtus
1694 2969 1744 3025 est
1760 2956 1853 3024 clara
1871 2946 2082 3051 triumphis,
2175 3015 2178 3025 .

255 3072 329 3160 Qui
346 3067 476 3134 Vatum
497 3063 622 3129 merito
641 3059 771 3145 dignus
788 3079 822 3124 es
839 3077 899 3122 ore
916 3051 1011 3119 cani:
1298 3043 1439 3118 Ordine
1454 3073 1544 3141 quos
1558 3070 1748 3124 numerant
1762 3060 1876 3127 secula
1894 3060 1996 3149 longa
2016 3082 2160 3155 patrum.

201 3172 293 3248 Cum
311 3187 369 3239 tua
387 3164 608 3253 Margaridos
622 3160 778 3228 coniunx
793 3153 1004 3248 pulcerrima
1020 3173 1162 3228 nomen,
1248 3150 1315 3220 Sed
1336 3149 1402 3221 luit
1418 3146 1503 3219 huic
1517 3154 1634 3224 fontes
1647 3156 1831 3227 doctrinae
1847 3160 1982 3233 discere
1997 3189 2105 3252 citra,
2153 3180 2160 3185 '

254 3272 389 3344 Omine
408 3282 478 3336 tam
493 3267 598 3334 rebus
616 3260 849 3330 conveniente
865 3267 977 3345 gerat:
1300 3249 1418 3339 Quam
1434 3254 1537 3322 nobis
1555 3269 1680 3345 gnatus
1698 3260 1845 3329 tradidit
1859 3261 1933 3352 ipse
1948 3263 2031 3337 Dei.

206 3377 260 3458 Te
277 3380 376 3443 decet
395 3365 461 3436 hoc
479 3368 555 3457 ipso
570 3362 694 3432 laetari
710 3360 856 3429 nomine
872 3376 1033 3448 sponsae,
1248 3352 1327 3422 Hoc
1344 3356 1386 3422 ad
1406 3354 1580 3425 maiorum
1599 3361 1703 3428 deeris
1717 3363 1856 3431 addidit
1871 3364 2002 3460 inclyta
2021 3370 2131 3456 lacta,
2251 3385 2265 3457 ἵ,

257 3477 363 3569 Quod
381 3482 503 3539 monet
516 3483 558 3537 ut
570 3461 706 3536 Christi
722 3466 886 3551 dogmata
904 3481 1043 3549 semper
1060 3477 1165 3524 ames.
1300 3454 1468 3525 Praebuit
1485 3474 1527 3528 et¹
1534 3461 1666 3551 patriae
1682 3467 1865 3532 commoda
1880 3490 2005 3555 magna
2022 3493 2119 3542 suas.

1249 3552 1381 3626 Esdras
1399 3580 1459 3626 seu
1474 3563 1652 3651 quondam
1671 3565 1803 3653 populo
1822 3567 1875 3634 ius
1891 3569 2001 3655 dixit,
2036 3587 2071 3644 et
2086 3574 2172 3647 idem

208 3643 1198 3685 .....------—----—-----·-
1302 3657 1479 3748 interpres
1496 3659 1639 3756 Solyma
1655 3664 1743 3753 legis
1759 3667 1797 3735 in
1814 3670 1903 3736 urhe
1918 3671 1996 3745 luit.

1029 3860 1198 3887 Μ

114 3754 125 3767 ·
206 3786 274 3859 ΝΟ.
291 3784 377 3857 272.
1033 3792 1081 3832 sn.
1102 3771 1199 3834 15⁵3.
1250 3759 1429 3850 Principis
1444 3757 1502 3829 hie
1517 3787 1648 3832 miluus
1663 3766 1769 3837 simul
1786 3783 1820 3838 et
1838 3768 1992 3843 Pastoris
2006 3777 2136 3864 obivit,

1304 3860 1417 3952 ipsius
1432 3881 1585 3933 mentem
1605 3866 1694 3939 rexit
1711 3885 1743 3937 et
1759 3894 1820 3939 ora
1837 3867 1944 3942 Deus.

312 3978 393 4050 apua
414 3977 542 4030 νίψω·
562 3991 590 4044 P·
605 3972 653 4025 ¹⁰¹
671 3987 710 4041 '‘l·
1254 3963 1475 4057 lustificaque
1491 3969 1559 4036 lide
1574 3968 1714 4059 capiens
1729 3984 1788 4040 tua
1806 3998 1953 4045 rotinere
1968 3972 2129 4068 Christe,

339 4143 347 4159 .
443 4140 450 4155 .
868 4129 876 4146 .
1303 4065 1423 4136 Solius
1440 4084 1491 4138 est
1508 4069 1608 4139 errius
1625 4085 1722 4160 parta
1743 4097 1867 4144 errrore
1884 4076 1990 4150 salus.
2100 4103 2103 4113 ·

263 4145 310 4212 ln
334 4156 538 4231 tmugmem
562 4124 753 4202 Maurico
775 4129 1148 4199 horrescentes.
1254 4167 1346 4237 ver„
1362 4168 1441 4237 ιω
1457 4170 1571 4242 Deum
1587 4173 1731 4258 agnovit
1749 4178 1984 4273 precibusque
2000 4186 2154 4272 vorarit,
2257 4190 2265 4202 '

490 4240 600 4322 (ΜΝ
621 4240 649 4300 d'
669 4237 720 4298 Μ’
734 4232 796 4302 ¹⁰¹⁰
812 4230 921 4312 1⁵⁵3')
1304 4268 1521 4341 Numinibus
1538 4273 1629 4340 lictis
1645 4297 1746 4343 mens
1761 4276 1902 4348 inimica
1922 4281 2001 4356 fuit.

214 4376 349 4451 Omnia
366 4391 448 4445 sunt
462 4371 648 4442 hominum
666 4366 761 4436 tenui
780 4366 968 4458 pendentia
985 4367 1056 4448 filo,
1165 4405 1171 4414 ·
1252 4370 1326 4443 Nec
1342 4372 1512 4440 virtutum
1527 4363 1829 4465 umbras'habuit,
1854 4383 1914 4451 sed
1929 4398 2073 4474 pectora
2090 4393 2171 4463 texit
2258 4352 2265 4422 ἶ

104 4471 108 4476 ’
266 4478 311 4549 Et
330 4478 448 4545 subito
464 4500 545 4542 casu
562 4494 652 4566 qttae
665 4469 805 4536 valuere
818 4481 938 4540 mum.
1308 4470 1385 4561 lpse
1400 4470 1468 4543 Dei
1485 4475 1607 4545 vivens
1621 4478 1811 4551 assimilata
1828 4474 1955 4580 λόγος,

100 4648 103 4652 »
184 4642 192 4661 ,
214 4578 262 4651 Ul
280 4581 370 4672 Ρθῐῐῑ
388 4579 426 4645 ἷῐὶ
444 4577 557 4668 primo
576 4572 712 4643 Pelldffi
732 4569 816 4636 30⁸⁸
831 4569 1007 4652 invenite,
1256 4573 1416 4646 Urbibus
1429 4576 1465 4645 in
1482 4579 1605 4646 multis
1621 4579 1734 4650 flavus
1749 4606 1836 4674 quas
1852 4584 1959 4657 alluit
1971 4584 2096 4677 Albis,

267 4677 423 4775 Pyrrhus
440 4693 473 4748 et
489 4675 556 4749 hoc
568 4679 645 4766 ipso
662 4676 705 4744 de
721 4672 878 4761 genitore
892 4685 999 4744 satus.
1307 4672 1351 4744 Et
1367 4702 1454 4770 quas
1470 4681 1623 4750 coerulei
1637 4684 1804 4772 praeterit
1819 4688 1915 4756 cruda
1933 4685 2049 4762 Salas.

217 4781 269 4852 Ac
286 4782 390 4852 Asiae
406 4782 561 4850 domitor
582 4777 766 4846 Maeuium
783 4773 827 4843 de
844 4773 952 4865 stirpe
971 4788 1118 4856 creatus,
1258 4777 1409 4866 Agmina
1425 4781 1567 4868 collegit
1580 4777 1763 4854 Christum
1782 4786 2019 4878 celebrantia,
2052 4818 2202 4893 spu-gem

267 4880 315 4953 Et
331 4885 390 4976 qui
408 4882 619 4971 llurguudas
631 4875 785 4953 ,Carolus
799 4876 895 4945 alexit
911 4888 1011 4968 opes:
1309 4879 1400 4950 Pura
1417 4879 1602 4971 Evangelii
1619 4884 1751 4955 semtna
1769 4911 1853 4959 νοω
1865 4912 1941 4964 gua·

217 4984 275 5055 Sic
292 4987 360 5053 iam
380 4985 591 5053 Mauricium
615 4978 768 5048 nimium
791 4978 1018 5069 properantia
1033 4979 1104 5049 fata
1191 4991 1193 4995 ’
1259 4981 1368 5050 Fidus
1383 4997 1417 5051 et
1435 4985 1539 5055 aetati
1555 4986 1711 5056 venienti
1728 4988 1824 5060 testis
1841 5005 1880 5061 ut
1896 5006 2005 5079 esset,

199 5159 201 5163 ,
269 5086 442 5158 Saxoniae
461 5086 563 5156 terris
579 5081 739 5172 eripuere
755 5075 903 5152 Ducem.
1004 5091 1007 5097 '
1310 5081 1362 5152 De
1377 5082 1520 5156 Christo
1539 5089 1669 5178 patriae
1684 5090 1827 5181 publica
1844 5092 1973 5186 scripta
1988 5098 2101 5177 dedit·

218 5189 290 5277 Qui
309 5187 434 5256 Gallos
450 5188 656 5274 'l‘urcosque
673 5183 766 5251 feros
782 5182 913 5251 virtute
926 5181 1104 5272 repressit,
1259 5182 1329 5254 Hic
1343 5187 1452 5258 frater
1464 5188 1664 5284 lacrymans
1678 5186 1879 5265 loachimus
1893 5193 2058 5275 condidit
2070 5226 2148 5279 osas

151 5384 156 5392 ⁶
270 5289 422 5359 Militiae
440 5303 621 5381 praestans
634 5284 769 5354 artibus
784 5301 887 5378 atque
901 5297 1014 5373 togae.
1315 5287 1411 5358 Vivit
1427 5302 1616 5384 conspeetu
1631 5316 1732 5363 mens
1746 5293 1948 5391 fruiturque
1964 5296 2047 5379 Dei,
2154 5263 2165 5295 ³
