4546 5760
111 184 192 271 εεε
699 181 1133 280 outnsrronus
1169 158 1577 311 ausonense.
2081 198 2160 277 εεε

112 361 228 441 sedet
248 364 298 439 ed
319 362 480 435 dextram
503 360 639 433 aeterni
662 360 789 452 patris,
815 362 906 433 dans
929 361 1023 431 dona
1044 354 1113 431 ho'·
1160 359 1317 431 subiecta
1334 375 1389 434 est
1404 363 1573 449 creatori,
1599 378 1640 435 ut
1657 388 1861 459 quanquam
1878 364 2018 468 στοργὴ
2033 370 2073 443 in
2091 396 2154 464 pa-

111 467 287 543 tnittibus.
337 462 442 541 Hanc
462 462 697 558 praesentiam
718 462 785 533 filii
799 460 867 533 Dei
890 484 993 555 saepe
1014 462 1112 552 cogi·
1160 463 1342 549 rentibus,
1364 488 1437 557 quo
1460 479 1513 535 est
1535 469 1737 554 ardentior,
1762 491 1804 537 eo
1827 471 1939 560 magis
1959 486 2153 564 spontanea

112 582 256 657 tentes,
277 581 441 662 petamus
461 580 498 639 et
518 579 740 658 expectemus
756 566 802 639 ab
819 590 862 636 eo
879 565 1112 656 gubernatio·
1160 578 1229 650 εει,
1262 578 1382 637 tamen
1412 566 1595 637 verissima
1620 583 1672 640 εει
1693 570 1905 662 propositio:
1939 571 2078 676 στοργὴ
2102 591 2154 648 εει

111 696 220 758 m,
239 670 519 766 protectionem,
544 682 580 741 et
602 668 851 739 liberationem
874 669 920 740 ab
944 668 1112 739 omnibus
1160 668 1374 755 necessaria,
1410 669 1492 762 quia
1523 683 1650 741 natura
1678 673 1729 743 sic
1757 694 1778 743 a
1800 669 1877 745 Deo
1905 676 2066 749 ordinata
2091 695 2152 753 est.

111 775 241 871 molis,
270 787 308 846 ct
327 768 420 863 hanc
444 771 725 843 consolationem
747 784 949 855 teneamus,
972 792 1113 862 semper
1160 769 1345 841 Praeterea
1373 772 1557 843 barbarica
1582 774 1762 847 insulsitas
1780 789 1857 861 sest,
1887 780 1985 872 quod
2011 805 2091 853 cum
2112 781 2154 863 bt

111 890 341 951 terraticum
367 896 442 945 esse
474 875 628 968 aliquem
658 888 819 959 coetum,
860 873 924 967 qui
954 873 1001 944 sit
1027 895 1109 942 vera
1160 872 1295 943 mentio
1312 873 1492 944 bonorum
1508 900 1669 967 operum,
1695 890 1835 949 tantum
1851 879 1896 948 de
1912 883 2065 951 externis
2080 868 2153 953 dici

110 976 296 1065 numia,
319 992 356 1049 et
375 976 598 1047 domicilium
621 975 745 1066 ipsius.
796 975 914 1047 Simul
927 975 1033 1045 etiam
1049 1000 1109 1045 co·
1161 976 1298 1046 volunt.
1362 975 1436 1045 Nos
1458 976 1664 1048 interiorem
1690 993 1724 1049 ει
1748 980 1957 1051 exteriorem
1981 986 2153 1057 obedieu-

109 1083 287 1176 glesum,
310 1104 485 1173 quaenam
507 1079 553 1149 sit
576 1074 663 1148 haec
684 1102 766 1148 vcra
786 1075 963 1161 Ecclesia,
988 1090 1024 1147 et
1046 1077 1110 1147 ubi
1161 1077 1244 1147 tiam
1266 1078 1413 1146 nominc
1431 1079 1609 1150 bonorum
1626 1106 1773 1173 operum
1791 1084 2080 1175 complectimur,
2104 1087 2153 1157 si-

110 1185 183 1273 sit,
214 1207 282 1255 nec
303 1182 507 1255 dubitemus
528 1205 602 1251 esse
624 1175 722 1250 hunc
745 1180 863 1271 ipsum
887 1192 1047 1265 coetum,
1072 1179 1110 1248 in
1160 1193 1218 1249 cut
1237 1204 1304 1249 vor
1325 1179 1447 1249 divina
1466 1181 1636 1275 loquitur.
1688 1182 1742 1255 Nc
1756 1184 1901 1277 quidem
1916 1188 2070 1277 populus
2085 1166 2154 1259 bu-

111 1310 189 1383 quo
217 1309 287 1356 vox
310 1281 498 1372 Evangelii
528 1297 662 1366 sonat,
682 1282 759 1351 sine
791 1281 1002 1371 corruptelis
1028 1304 1108 1351 cum
1159 1304 1247 1352 num
1262 1306 1352 1374 opus
1365 1295 1505 1352 tantum
1521 1286 1685 1356 umbram
1701 1286 1837 1356 externi
1851 1288 1987 1380 operis,
2006 1312 2077 1375 ¹seu
2092 1312 2152 1381 ge-

112 1389 351 1465 fnnclsmentn
375 1386 630 1479 pugnantibus.
683 1382 802 1455 Huius
824 1380 1005 1455 Ecclesiae
1029 1408 1109 1455 cum
1159 1396 1252 1455 stum
1273 1398 1459 1455 externum
1483 1386 1669 1478 intelligit,
1697 1388 1813 1460 sedin
1829 1402 1947 1460 mente
1962 1392 2151 1463 consilium

112 1491 213 1565 cives
232 1488 373 1572 snmus,
400 1501 535 1558 certum
557 1502 608 1557 est
625 1487 730 1557 nobis
747 1488 868 1557 adesse
882 1484 1016 1556 Filium
1031 1483 1110 1571 Dei,
1160 1499 1294 1556 rectum
1315 1498 1349 1557 et
1366 1481 1584 1581 προαίρεσιν
1599 1491 1728 1561 bonam
1746 1492 2003 1584 complectitur.
2027 1524 2033 1533 ·
2054 1490 2151 1581 llaec

112 1591 353 1689 quiscrvabit
368 1586 562 1661 Ecclesiam
580 1613 701 1674 suam,
726 1613 931 1683 quanquam
950 1588 1110 1659 variisct
1159 1612 1239 1658 cum
1270 1589 1453 1681 perspicua
1484 1591 1573 1673 sint,
1607 1607 1724 1663 tamen
1755 1595 1794 1662 in
1819 1592 1943 1665 multis
1963 1608 2062 1666 tanta
2085 1609 2151 1682 est,

112 1695 255 1787 magedo
267 1693 448 1765 aerumnis
463 1707 662 1777 exercetur,
685 1706 719 1762 et
737 1705 777 1762 ut
792 1704 907 1762 servet
922 1714 1009 1776 nos,
1033 1702 1108 1761 toto
1159 1715 1232 1759 non
1258 1692 1338 1761 dico
1360 1692 1519 1777 inscitia,
1554 1696 1615 1763 sed
1640 1696 1794 1780 malitia,
1820 1709 1960 1768 utnon
1983 1698 2150 1770 desinant

113 1822 201 1870 cum
216 1809 358 1891 pectore
373 1818 449 1866 oro.
1159 1793 1287 1865 latrare
1302 1808 1424 1863 contra
1441 1796 1664 1867 manifestam
1681 1798 1875 1872 veritatem.
2192 1805 2197 1818 ’

151 1948 154 1953 ·
218 1929 377 2002 Tantum
402 1929 447 1998 de
468 1941 532 1999 tua
556 1929 762 2023 quaestione
784 1928 825 1997 in
850 1922 917 1997 hac
936 1926 1109 1997 brevitate
1260 1927 1310 1999 Ut
1324 1929 1432 2020 igitur
1446 1929 1602 2001 breviter
1618 1934 1869 2024 respondeam,
1894 1933 2030 2004 retineo
2044 1934 2150 2007 Pauli

113 2033 288 2127 temporis
310 2032 526 2124 respondere
548 2031 667 2117 volui,
700 2031 829 2121 magis,
853 2044 894 2099 ut
916 2029 1109 2099 confessio-
1159 2031 1313 2118 dictum,
1339 2032 1401 2126 qui
1421 2032 1489 2101 ait:
1522 2028 1711 2104 Debitores
1732 2058 1865 2111 sumus.
1915 2030 1964 2107 Et
1985 2033 2150 2113 Christus

113 2160 203 2209 nem
228 2158 344 2205 meam
368 2135 608 2218 ostenderem,
639 2158 744 2227 quam
767 2146 809 2203 ut
831 2132 1107 2222 disputationem
1159 2132 1295 2227 inquit:
1322 2135 1418 2228 quod
1442 2135 1631 2205 debuimus
1651 2137 1810 2210 lecimus.
1861 2134 1912 2211 Et
1933 2139 1953 2209 1
1973 2132 2099 2219 luban.
2113 2136 2149 2213 4.

112 2238 353 2311 instituerem.
408 2233 501 2306 Cum
523 2236 620 2305 enirn
641 2259 724 2305 vera
749 2235 923 2304 sententia
946 2256 1108 2325 compre-
1158 2236 1307 2307 dicitur:
1333 2234 1513 2307 Debemus
1529 2239 1654 2309 iratres
1669 2239 1829 2331 diligere.

114 2338 229 2413 hensa
257 2353 327 2425 est,
358 2336 584 2432 acquiescant
600 2337 640 2407 in
662 2362 701 2406 ea
722 2338 800 2429 piae
821 2350 975 2421 mentes,
1006 2348 1041 2404 et
1063 2335 1108 2404 sit

112 2444 246 2515 modus
266 2441 570 2534 disputationum,
595 2454 631 2511 et
651 2439 833 2511 citatrices
854 2452 999 2509 naturas
1018 2438 1108 2507 vite-

112 2568 214 2630 mus,
247 2568 336 2638 quae
364 2566 439 2612 non
465 2542 651 2633 patiuntur
671 2542 738 2611 sibi
762 2541 943 2626 satisfieri,
977 2553 1013 2610 ει
1033 2562 1107 2609 non

113 2642 186 2719 hoc
199 2660 326 2737 agunt,
352 2659 393 2716 ut
407 2646 557 2715 doceant
573 2659 607 2714 et
621 2658 748 2715 sanent
759 2645 859 2729 alios,
885 2645 946 2713 sed
960 2655 1001 2712 ut
1013 2637 1108 2713 Ace-

114 2746 256 2821 'demico
277 2771 377 2818 more
397 2746 610 2817 labefactent
631 2747 771 2832 omnia,
799 2760 834 2816 et
849 2759 985 2816 mentes
999 2744 1038 2813 in
1054 2744 1107 2813 la-

113 2845 520 2948 byrinthosinducant,
557 2849 621 2918 ubi
644 2849 899 2918 incertitudine
920 2869 1107 2938 oppressae

113 2966 276 3049 percant.
314 2951 369 3023 Sit
380 2952 489 3041 igitur
503 2952 630 3020 modus
644 2952 939 3044 disputationum,
958 2944 1107 3038 et'agni-

111 3068 188 3127 tarn
212 3055 396 3126 veritatem
420 3053 478 3145 pie
501 3054 735 3136 retineamus,
762 3066 796 3124 ει
818 3077 884 3123 nos
903 3076 924 3121 a
945 3052 1019 3122 lilio
1040 3049 1107 3122 Dei

112 3156 319 3229 confirmari
334 3169 504 3249 petamus.
555 3152 651 3228 Dixi.

1260 2369 1370 2461 Quod
1388 2396 1472 2443 vero
1487 2368 1714 2468 Sycophanta
1730 2376 1875 2469 quidam
1894 2377 1932 2447 in
1948 2378 2078 2450 vicinis
2092 2379 2149 2449 di-

1159 2488 1252 2544 ctum
1270 2473 1394 2559 Pauli,
1420 2477 1515 2568 quod
1540 2476 1579 2545 iu
1594 2470 1755 2566 Epistola
1777 2479 1822 2548 ad
1835 2475 2044 2551 Corinthios
2061 2483 2149 2553 scri·

1160 2591 1259 2666 ptum
1273 2592 1340 2648 cst:
1366 2574 1411 2649 οὐ
1427 2571 1525 2649 κατὰ
1540 2573 1730 2678 ἐπιταγὴν,
1752 2582 1902 2672 opponit
1918 2577 2002 2653 huic
2015 2607 2148 2675 propo-

1158 2680 1299 2765 sitioni,
1325 2704 1417 2749 nova
1439 2680 1643 2751 obedientia
1659 2696 1712 2753 est
1726 2684 1939 2768 necessaria,
1964 2686 2021 2754 vel
2039 2687 2149 2757 insci·

1159 2782 1207 2853 tia
1228 2795 1299 2863 est,
1324 2783 1382 2855 vel
1403 2783 1634 2874 impudentia.
1693 2785 1876 2858 Discernit
1896 2784 1992 2857 enim
2013 2785 2149 2859 Paulus

1158 2886 1324 2954 mandata
1347 2909 1366 2953 a
1389 2908 1465 2953 non
1482 2887 1678 2967 mandatis,
1709 2911 1774 2957 nec
1790 2889 1883 2959 valet
1898 2891 2150 2983 consequentis

1158 3011 1176 3055 a
1202 2986 1411 3055 conlusione
1428 2986 1705 3077 disparaturum,
1731 3001 1771 3058 ut
1784 3004 1868 3061 sunt
1881 2991 2057 3082 disparata
2071 3015 2149 3061 non

1159 3102 1342 3180 praecepta
1362 3104 1397 3160 et
1418 3102 1611 3180 praecepta.
1663 3087 1744 3159 Nou
1767 3086 1941 3182 prohibiti
1960 3105 2047 3164 suut
2061 3094 2148 3165 certi

1159 3191 1250 3274 cibi,
1277 3214 1359 3281 ergo
1377 3215 1451 3260 non
1467 3185 1689 3283 prohibitum
1708 3206 1759 3263 est
1774 3194 1998 3265 adulterium.
2050 3192 2148 3265 Haec

1159 3316 1231 3363 esse
1248 3286 1492 3364 ἀνακόλουθα
1506 3317 1630 3362 omnes
1645 3294 1860 3385 intelligunt.
1903 3294 2017 3369 Docet
2030 3311 2147 3367 autem

116 3403 298 3493 Βεεραιιία
318 3401 473 3471 Ductoris
493 3401 695 3470 lobannis
716 3401 919 3490 Gupeleri,
940 3403 980 3470 de
1001 3402 1108 3471 attera
1158 3395 1361 3465 universam
1370 3392 1723 3479 EcclesiamPaulus,
1748 3401 1823 3466 non
1839 3421 1912 3470 esse
1927 3411 2147 3490 praeceptam

516 3487 712 3575 (Ιῑιαθθῑῑθηθο
1157 3492 1759 3568 Platonicam'communicationem
1784 3523 1920 3587 rernm,
1949 3523 2015 3569 nec
2040 3498 2148 3568 mini-

218 3628 454 3727 Polycarpum
481 3646 641 3701 sanctum
667 3654 786 3701 senem
809 3630 929 3716 aiunt,
963 3632 1107 3702 solitum
1158 3614 1248 3669 stros
1263 3596 1449 3689 Evangelii
1472 3613 1606 3669 certum
1625 3623 1814 3670 numerum
1831 3598 2147 3697 Eleemosynarum

113 3734 238 3827 digifi,
252 3732 436 3805 obstruere
452 3733 592 3802 aurium
607 3746 754 3818 meatus,
781 3733 810 3802 si
826 3737 968 3826 quando
984 3734 1108 3804 audie·
1159 3702 1441 3820 lndlf⁰s⁸P⁰⁵⁸⁰s
1465 3698 1980 3822 UlR‘bfflflbtllssindicunt·-
2022 3701 2077 3774 De
2091 3698 2148 3773 h1s

112 3841 178 3913 bag
191 3832 412 3928 blasphemas
425 3858 540 3906 voces,
566 3830 644 3923 Ego
660 3848 694 3905 ep
709 3830 799 3903 mihi
812 3850 845 3905 eg
861 3837 994 3927 populo
1006 3859 1107 3906 aures
1158 3818 1265 3923 tantis
1280 3805 1420 3923 rebus,
1454 3800 1587 3873 Paulus
1613 3805 1837 3926 utplrssrmam
1868 3809 2065 3925 doctrinam
2096 3806 2149 3876 thr

114 3942 316 4015 obstructas
338 3961 412 4008 esse
434 3936 608 4028 optarim,
635 3961 713 4006 cum
733 3938 889 4007 eduntur
906 3952 967 4008 aut
983 3938 1108 4028 legun·
1158 3908 1442 4027 “aflffhlrflua‘
1466 3918 1538 3977 ¹⁰¹³
1560 3908 1727 4027 θῦζΰξῑΰῐ
1747 3908 2007 3992 deltrtmenhs,
2031 3921 2066 3978 et
2080 3905 2148 3979 So-

113 4059 178 4116 tur
193 4041 275 4113 illac
290 4053 401 4112 tetrae
415 4063 518 4109 voces
531 4039 842 4109 contendentium:
869 4038 1006 4109 Novam
1021 4042 1108 4111 obe-
1159 4003 1307 4099 Ph¹⁵¹¹ca
1332 4008 1475 4126 'llf'fflm
1498 4023 1824 4127 l's³‘³l¹g¹³l⁰‘¹¹ms
1847 4011 1908 4104 ‘lui
1935 4011 2149 4131 dfffl‘luent

114 4144 290 4218 dientiam
308 4167 384 4213 non
399 4165 472 4211 esse
487 4141 738 4225 necessariam,
765 4141 864 4210 item:
891 4144 984 4213 bona
1000 4167 1106 4233 opera
1159 4112 1264 4180 Verba
1282 4109 1385 4179 P³⁰¹¹
1404 4112 1449 4179 ἃᾶ
1466 4111 1534 4179 ³¹¹³
1553 4134 1678 4200 ⁰Pel³r
1705 4134 1795 4203 ‘luae
1812 4134 1983 4204 ΗΝΘ8818
1999 4110 2148 4179 “mnda-

114 4248 259 4321 otllccre
281 4245 398 4316 saluti.
450 4243 646 4314 Mirabitur
669 4244 854 4335 posteritas
870 4240 976 4317 huius
999 4247 1108 4316 seculi
1158 4213 1203 4284 ²3⁵
1224 4212 1388 4331 “dlff‘ffl
1409 4225 1503 4332 ΨΜ·
1555 4208 1734 4283 Addfflm
1753 4213 1874 4334 plura,
1900 4213 2146 4330 ¹¹5⁸lfl¹¹8¹¹³ll³

114 4352 275 4433 furores,
300 4373 371 4443 quo
395 4345 621 4432 conceditur,
646 4359 686 4416 ut
709 4346 793 4417 talia
816 4349 1054 4419 defendantur
1068 4349 1106 4417 in
1158 4329 1326 4405 ῑεῐῐιΡΟῃὸ
1348 4309 1565 4406 Pf⁰h¹b⁰¹²h
1617 4313 1685 4386 sed
1705 4317 1898 4386 ⁰l⁰ffl¹⁰¹¹¹
1913 4312 2002 4400 ”⁶¹2
2028 4329 2148 4385 ⁰¹⁰⁰⁸

116 4450 295 4542 Templis,
325 4464 360 4521 et
381 4450 546 4540 legantur
567 4451 605 4519 in
632 4449 784 4540 publicis
808 4447 969 4540 Scriptis.
1028 4446 1108 4521 Etsi
1159 4419 1342 4510 gnbernel·

114 4567 237 4625 autem
257 4547 403 4623 etmihi
425 4553 557 4644 placet,
582 4575 656 4621 non
680 4551 733 4622 uti
760 4545 824 4619 hac
847 4553 1107 4643 propositione:
1260 4545 1445 4622 Adhortor
1460 4551 1565 4621 etiam
1584 4550 1744 4641 publicos
1753 4548 2003 4640 Magistratus,
2026 4564 2067 4620 ut
2080 4576 2148 4643 pu-

115 4654 223 4729 Bona
252 4678 360 4743 opera
388 4667 472 4725 sunt
501 4653 697 4723 necessaria
720 4655 763 4723 ad
786 4653 954 4735 salutem,
989 4668 1107 4724 tamen
1158 4654 1261 4725 blicis
1282 4653 1408 4745 poenis
1422 4647 1633 4724 coherceant
1647 4651 2060 4744 petulantiamillorum,
2085 4652 2148 4746 qui

116 4770 322 4831 constanter
343 4758 512 4843 adfirmo,
539 4770 574 4826 et
589 4754 666 4826 Deo
687 4755 830 4826 iuvante
852 4755 890 4824 iu
909 4769 981 4826 tota
996 4770 1110 4827 aeter-
1158 4757 1237 4827 illas
1266 4756 1469 4826 barbaricas
1498 4780 1601 4825 voces
1624 4754 1837 4838 defendunt,
1876 4754 2148 4824 contumeliosus

116 4860 229 4931 nitate
249 4859 464 4944 adfirmabo,
489 4855 582 4928 hanc
599 4858 879 4950 propositionem
899 4883 1018 4928 veram
1034 4882 1108 4929 esse
1159 4873 1282 4929 contra
1307 4856 1443 4943 Deum,
1474 4871 1509 4927 et
1532 4856 1745 4948 perniciosas
1766 4856 1939 4927 moribus.
1999 4851 2149 4926 Discant

117 4962 197 5035 siue
219 4961 294 5033 ulla
314 4962 498 5053 peregrina
521 4961 831 5051 interpretatione,
854 4959 932 5030 sine
951 4962 1025 5031 ulla
1040 4959 1109 5033 So-
1160 4952 1216 5030 illi
1246 4960 1421 5031 admoniti
1447 4959 1654 5029 verberibus
1676 4971 1717 5027 ut
1742 4952 1945 5043 Thersites,
1984 4957 2148 5047 petulan-

116 5060 270 5158 phistica
292 5064 520 5135 intellectam:
547 5061 647 5133 Nova
664 5063 867 5133 obedientia
884 5077 935 5134 εει
950 5086 1110 5134 necessa-
1159 5064 1245 5135 tiam
1261 5062 1402 5153 linguae
1417 5061 1660 5150 turpissimum
1677 5061 1841 5131 morbum
1858 5085 1931 5131 esse
1946 5050 2149 5138 destituturus

116 5167 192 5252 ris,
216 5190 297 5251 seu,
320 5167 416 5236 bona
430 5189 536 5255 opera
554 5178 638 5236 sunt
652 5166 866 5246 necessaria,
889 5166 972 5261 quia
989 5190 1110 5236 neces-
1159 5169 1312 5265 γλῶσσα
1325 5157 1497 5257 αἰσχίστη
1510 5155 1632 5243 νόσος.
1674 5160 1835 5234 Pertinet
1847 5162 1942 5233 enim
1959 5175 1994 5230 et
2011 5163 2054 5229 ad
2073 5160 2151 5252 pios

116 5269 252 5343 surium
274 5292 350 5339 non
374 5268 548 5359 significat
569 5279 667 5339 metu
689 5281 884 5354 extortum,
916 5270 977 5339 sed
999 5269 1109 5359 signi·
1160 5269 1383 5358 magistratus
1410 5260 1636 5357 blasphemos
1666 5278 1702 5336 et
1733 5265 1950 5356 perniciosos
1973 5285 2151 5332 sermones

118 5370 201 5447 ucat
229 5371 395 5444 ordinem
422 5370 605 5455 divinum,
638 5393 711 5465 quo
740 5384 899 5443 creatura
924 5371 1110 5443 rationalis
1161 5370 1302 5464 punire.
1353 5367 1495 5542 Diui.6
1538 5465 1557 5511 ψ
