4546 5760
111 186 185 263 aaa
698 117 1553 265 ouausmouusacanuuruau
1675 134 1680 152 '
1928 289 1938 297 ‚
2074 193 2145 273 saa

214 355 322 443 Tales
342 351 480 424 furores
496 361 532 420 et
551 367 707 439 poenae,
731 346 950 420 comitantur
973 345 1102 440 impie-
1165 343 1309 423 Nost.
1906 369 2144 456 commutat.

114 478 220 538 tatem
239 481 383 540 conam,
408 452 470 546 qui
491 451 578 521 falsa
602 453 765 540 dogmata
788 464 978 543 spargunt,
1003 465 1039 520 ct
1061 462 1104 519 ut
1155 443 1325 474 Μ
1935 466 2149 507 νὴ...

115 592 153 636 ea
170 563 380 638 defendant,
405 554 474 624 sibi
494 552 600 621 ludae
622 547 804 622 cohortem
826 553 1042 641 adiungunt,
1068 564 1103 619 et
1222 543 1255 601 ¹¹¹
1269 527 1383 628 0:¹³5·l
1398 549 1546 632 nttosq,
1565 552 1635 634 trem
1648 550 1678 634 tq
1692 553 1947 639 malmundariu.
1962 564 2041 623 nu.
2053 557 2152 636 psat!

115 667 305 739 reditiones
328 672 482 728 movent.
533 653 625 724 Nam
649 667 798 746 utraque
826 656 947 743 regula
978 652 1103 723 iudicii
1256 616 2053 774 :132³anqegpqpaqqqssaqquqqqqc'sta'p'sq‘qqppcd
2069 652 2150 713 Μ·

117 767 233 841 divini
250 767 349 834 firma
366 773 433 830 est:
458 755 539 829 Nun
558 757 720 825 adsumes
742 780 875 826 nomen
891 755 958 825 Dei
975 756 1027 826 tui
1042 780 1103 824 va·
1300 828 1309 845 ‚
1425 827 1435 844 ,

116 897 179 956 ne,
206 892 281 938 non
299 863 394 935 euim
409 854 662 930 habebitDeus
676 858 875 941 insontem,
900 857 1104 950 quicunqne
1155 824 1330 909 ommim
1354 833 1522 897 '‘cm“
1549 849 1574 899 α
1598 833 1744 906 P⁰¹⁴l⁰
1768 834 1909 957 ‚Ehem
1935 838 2041 940 fitia,
2068 868 2152 925 W*

36 993 37 996 ’
118 997 209 1044 vanc
234 990 365 1039 nomen
388 963 463 1032 eius
486 974 646 1051 usurpat.
705 960 811 1030 ltem:
852 958 925 1047 Qui
945 959 1103 1049 gladium
1156 924 2153 1057 decerneretf‘fffladm012215‘3'202900‘071‘2

88 1047 94 1063 '
119 1071 303 1166 acceperit,
319 1065 435 1158 gladio
453 1062 592 1155 peribit.
621 1059 673 1130 Ac
687 1063 779 1131 vidit
793 1061 930 1154 aliquot
946 1060 1104 1153 exempla
1321 1027 1485 1103 muham
1508 1029 1607 1130 fil⁸⁰t
1634 1060 1675 1109 m
1689 1039 1857 1136 ‘fufium
1876 1044 1990 1120 1553·

116 1193 153 1250 et
168 1189 287 1246 nostra
304 1183 415 1250 aetas,
441 1163 591 1236 Sertorii
611 1163 820 1232 seditionem
838 1164 876 1232 in
890 1163 1043 1244 Suevia,
1070 1176 1105 1232 ct
1155 1146 1248 1231 Non
1264 1180 1328 1248 ego
1348 1160 1421 1229 iam
1439 1185 1560 1231 causas
1576 1189 1760 1257 quaeram,
1786 1196 1851 1242 cur
1872 1174 2011 1263 ignosci
2030 1180 2151 1253 debeat

115 1265 848 1354 Mouetariiin'l'uriugia,ann01525.
899 1262 948 1335 Et
975 1266 1105 1335 deinde
1157 1261 1261 1331 nobis
1285 1263 1421 1352 pueris,
1448 1267 1591 1357 quando
1613 1268 1651 1337 iu
1674 1265 1730 1340 his
1745 1275 1925 1346 seniorum
1940 1292 1975 1348 et
1991 1281 2150 1352 doctissi-

115 1383 253 1451 furores
269 1369 577 1461 Anabaptistarum
593 1367 631 1434 in
647 1363 891 1461 Westphalia.
943 1365 1010 1436 His
1028 1391 1106 1437 mo·
1158 1386 1297 1433 morum
1319 1365 1479 1436 virorum
1504 1372 1747 1457 congressibus
1771 1379 1876 1448 verba
1897 1379 2070 1468 facimus,
2093 1385 2150 1455 sed

115 1481 184 1552 niti
208 1476 348 1567 tragicis
373 1469 599 1563 spectaculis,
635 1468 791 1560 primum
814 1480 907 1538 recte
930 1469 1107 1539 discamus
1159 1465 1297 1535 veniam
1320 1468 1509 1575 precabor,
1532 1472 1629 1562 qnod
1653 1487 1723 1542 tam
1744 1470 1850 1569 saepe
1874 1483 1985 1551 mein
2000 1488 2151 1556 eundem

21 1660 28 1665 .
117 1607 237 1653 veram
262 1576 480 1655 doctrinam,
507 1571 636 1638 deinde
656 1594 691 1639 se
710 1570 861 1664 quisque
879 1572 973 1671 intra
995 1586 1106 1641 metas
1157 1568 1277 1637 locum
1312 1571 1461 1659 produci
1498 1571 1625 1661 patior.
1679 1572 1801 1649 l'ideri
1838 1583 1935 1652 enim
1970 1586 2150 1680 aliquibus

116 1709 201 1755 suae
223 1677 417 1750 vocationis
441 1673 638 1753 contineat,
665 1696 738 1741 non
762 1696 1030 1766 corrumpamus
1045 1697 1106 1740 ve·
1158 1692 1315 1762 possem,
1341 1673 1455 1740 audax
1470 1687 1505 1742 et
1520 1673 1626 1744 nimis
1643 1678 1713 1746 mei
1726 1682 1919 1756 admirans.
1972 1682 2150 1783 Equidem

117 1811 175 1858 ras
196 1781 388 1855 sententias
413 1775 609 1867 praestigiis
625 1770 913 1866 sophismatum,
939 1776 1029 1846 sicut
1046 1773 1107 1844 lu-
1158 1793 1310 1859 agnosco
1328 1795 1440 1843 meam
1458 1774 1644 1852 infantiam
1667 1793 1701 1850 et
1726 1784 1937 1874 ruditatem,
1962 1792 2027 1860 sed
2045 1792 2150 1883 patris

117 1889 198 1960 daei
227 1885 392 1957 scelerate
421 1888 653 1967 corrumpunt
677 1878 809 1945 dictum
841 1874 945 1945 iacob
968 1877 1006 1944 in
1030 1875 1106 1946 Ge·
1158 1868 1409 1943 authoritatem
1442 1877 1609 1966 defugere
1641 1904 1715 1950 non
1750 1885 1877 1971 debui,
1908 1914 2000 1983 quae
2027 1893 2150 1964 divino

117 1991 215 2074 nesi,
238 1987 334 2081 quod
358 1979 601 2073 planissimum
620 1991 682 2049 cst.
735 1973 1014 2067 FingnntSiloh
1034 2000 1107 2047 esse
1157 1977 1474 2048 mandatosancita
1496 1993 1559 2052 est.
1612 1977 2007 2081 lsautemquodnunc
2025 1994 2150 2067 iteruu's

117 2089 422 2174 Nabugdonosor,
448 2080 565 2151 etalio
580 2091 667 2149 tetra
681 2080 885 2165 mendacia,
912 2103 1002 2173 quae
1015 2079 1108 2149 reci·
1157 2075 1273 2147 voluit
1289 2101 1345 2147 me
1359 2072 1427 2148 hoc
1440 2080 1479 2147 in
1495 2080 1573 2151 loco
1587 2082 1713 2170 dicere,
1732 2112 1872 2161 causam
1887 2087 2014 2168 iaabuit
2029 2098 2150 2169 arctis·

119 2209 193 2266 tare
213 2183 416 2284 δύσφημον
438 2195 500 2253 est
551 2179 625 2251 Nos
644 2181 795 2250 sciamus
811 2181 849 2249 in
874 2205 914 2250 ea
935 2181 1107 2251 sententia
1158 2178 1285 2248 simam
1320 2181 1608 2252 coniunctionem
1640 2199 1676 2257 et
1704 2192 2024 2288 necessitudinem,
2064 2224 2150 2295 quas

117 2291 403 2366 consolationem.
414 2308 516 2354 verae
530 2279 707 2352 Ecclesiae
722 2282 960 2352 dulcissimam
975 2306 1108 2375 propo-s
1159 2280 1228 2373 ipsi
1247 2279 1331 2351 'cum
1354 2279 1400 2352 D.
1416 2283 1569 2355 Doctore
1595 2286 1667 2356 iam
1691 2306 1837 2378 ornato,
1863 2307 1898 2363 et
1919 2311 2021 2388 patre
2042 2300 2150 2394 ipsius

121 2399 222 2468 sitam
247 2417 340 2475 esse,
373 2400 413 2459 ut
435 2387 539 2457 sciret
558 2383 673 2453 Deum
699 2398 793 2454 certo
816 2397 1106 2455 conservaturum
1158 2383 1237 2452 viro
1264 2384 1461 2456 clarissimo
1482 2400 1517 2456 et
1536 2388 1739 2461 doctissimo
1764 2397 1922 2468 tamdiu
1946 2390 2151 2491 intercessit,

119 2524 193 2571 esse
206 2494 374 2567 Politiam
394 2490 432 2558 in
451 2488 559 2571 luda,
584 2487 697 2556 donec
712 2484 933 2577 Redemptor
954 2487 1107 2578 promis-
1159 2508 1312 2578 quorum
1332 2480 1463 2557 honori
1480 2502 1515 2558 et
1535 2489 1735 2580 foelicitati,
1761 2509 1794 2566 et
1811 2497 1885 2589 ipse
1900 2523 1941 2570 ex
1963 2504 2150 2577 animosa-

121 2626 181 2672 sus
213 2599 265 2670 ibi
298 2592 578 2684 conspiceretur,
627 2603 660 2658 et
693 2588 895 2658 testimonia
927 2590 1108 2658 doctrinae
1159 2599 1236 2670 vet,
1263 2601 1297 2656 et
1313 2613 1369 2657 me
1391 2584 1459 2660 hoc
1480 2592 1608 2679 puerili
1625 2595 1741 2667 officio
1757 2599 1889 2670 servire
1905 2604 2031 2676 voluit.
2083 2606 2149 2679 Pro

121 2703 341 2781 ostenderet,
365 2707 400 2763 et
423 2717 486 2785 pro
511 2688 616 2758 nolais
636 2683 751 2757 hostia
778 2691 892 2774 beret,
920 2690 1050 2760 deinde
1073 2706 1108 2763 et
1158 2711 1258 2758 more
1291 2690 1401 2779 igitur
1432 2687 1643 2764 Scholarum
1669 2700 1913 2790 quaestionem
1942 2730 2149 2801 proponam,

121 2804 341 2900 praedictum
368 2817 441 2864 esse
462 2793 568 2863 finem
590 2790 667 2860 eius
685 2790 845 2884 politiae,
871 2805 905 2862 et
927 2792 1108 2863 collectio·
1158 2803 1335 2882 sumptam
1351 2817 1391 2863 ex
1407 2788 1555 2873 historia
1569 2793 1653 2867 Divi
1671 2798 1874 2886 laurentii,
1896 2788 2004 2879 cuius
2017 2835 2148 2882 memo-

120 2930 204 2978 nem
225 2898 403 2974 Ecclesiae
425 2920 467 2964 ex
494 2893 670 2983 gentibus.
726 2890 829 2962 Hanc
854 2893 1050 2985 simplicem
1073 2908 1109 2967 et
1158 2892 1249 2964 riam
1279 2890 1436 2963 Ecclesia
1467 2910 1548 2985 antg
1578 2902 1812 2989 paucosdies
1841 2907 2049 2984 celebravit.
2105 2910 2147 2985 Et

120 3009 278 3079 nativam
310 2998 519 3072 sententiam
557 2994 756 3064 firmissime
795 2995 1028 3079 retineamus,
1074 3010 1108 3066 et
1159 3018 1292 3086 quaero
1307 3020 1348 3064 ex
1364 3010 1397 3066 te
1412 2997 1604 3067 clarissime
1620 2997 1664 3070 D.
1677 3000 1830 3091 Ductor,
1857 3027 1950 3081 recte
1968 3036 2015 3083 ne
2033 3014 2146 3087 fecerit

118 3113 306 3190 discamus,
323 3102 408 3196 quid
425 3098 563 3168 intersit
578 3099 672 3166 iuter
688 3097 796 3186 legem
814 3111 848 3166 et
860 3093 1109 3199 Evangelium,
1159 3096 1397 3182 Laurentius,
1430 3099 1492 3192 qui
1513 3100 1628 3171 iussus
1653 3108 1793 3176 tradere
1817 3113 2005 3198 pecuniam
2029 3113 2146 3187 Eccle-

122 3215 216 3283 iuter
238 3221 415 3277 aeternam
439 3199 632 3283 iusticiam,
664 3211 698 3267 et
723 3198 905 3288 politicum
934 3199 1108 3285 ordinem,
1159 3198 1231 3266 siae
1262 3200 1436 3290 praefecto
1470 3202 1570 3271 tarbis
1598 3201 1799 3295 Romanae,
1841 3213 2009 3287 maluerit
2042 3220 2145 3290 vitam

120 3328 155 3384 et
179 3325 270 3382 recte
289 3325 515 3396 agnoscamus
536 3296 633 3369 herne
652 3300 881 3385 mediatorem
905 3303 1108 3372 casalono·
1159 3299 1339 3384 amittere,
1367 3325 1472 3394 quam
1497 3303 1667 3394 imperata
1684 3308 1810 3381 facere.
1861 3309 1910 3383 Et
1924 3317 2084 3408 primum
2098 3326 2145 3390 oi.

121 3438 216 3499 rem,
242 3433 346 3505 quem
366 3406 471 3475 lacob
486 3402 648 3472 nominat
665 3397 779 3481 sitan,
803 3424 872 3495 qua
889 3426 976 3472 voce
992 3405 1109 3474 salva·
1160 3401 1264 3472 detur
1277 3404 1439 3474 debuisse
1463 3427 1546 3475 suae
1563 3406 1800 3482 incolumitati
1823 3418 2029 3506 consulere,
2051 3447 2145 3517 pcae-

120 3531 233 3587 torcm
258 3508 447 3600 significari
469 3506 601 3577 iudico.
654 3499 702 3572 Et
717 3503 827 3595 placet
843 3516 943 3574 vetus
958 3502 1109 3601 Etymo-
1159 3505 1281 3572 sertim
1297 3529 1376 3574 cum
1391 3505 1497 3576 fuerit
1518 3508 1649 3579 talibus
1661 3513 1764 3585 donis
1781 3532 1946 3606 ornatus,
1972 3533 2012 3592 ut
2027 3538 2145 3616 potue-

121 3619 215 3708 logta
230 3609 352 3691 Siloh,
372 3611 409 3678 id
427 3622 496 3689 est,
521 3607 635 3675 foetus
651 3607 783 3678 matris.
832 3604 887 3676 Ac
903 3608 1037 3679 foetum
1058 3609 1109 3678 sic
1159 3604 1212 3679 rit
1230 3631 1310 3676 cum
1331 3606 1447 3676 fructu
1462 3605 1640 3681 Ecclesiae
1656 3611 1725 3683 Dei
1743 3619 1886 3692 servire.
1938 3622 2146 3721 ldquepro-

122 3718 284 3790 nominat
301 3715 345 3783 ab
364 3712 502 3779 infirma
524 3706 684 3789 fasciola,
711 3730 800 3799 quae
816 3708 1024 3780 nominatur
1041 3703 1109 3802 χό-
1160 3707 1237 3776 bari
1255 3721 1367 3798 potest
1384 3703 1451 3778 boc
1466 3729 1692 3801 argumento:

123 3843 216 3916 ρων,
270 3813 394 3884 Voluit
419 3810 513 3880 enim
538 3807 731 3898 significare
754 3809 880 3892 Iacob,
906 3811 1018 3880 lilium
1041 3810 1108 3881 Dei
1209 3810 1360 3880 Latroni
1375 3825 1537 3903 erepturo
1552 3816 1672 3901 vitam,
1697 3819 1767 3889 nisi
1783 3825 1930 3913 pecunia
1948 3828 2067 3916 detur,
2093 3856 2147 3924 po·

123 3925 392 4010 adsumpturum
416 3915 488 3981 esse
511 3910 686 3978 infirmam
713 3909 933 4000 pelliculam,
958 3913 1109 3999 moritu·
1262 3913 1333 3981 tius
1348 3915 1496 4005 pecunia
1512 3916 1629 3986 danda
1644 3935 1712 4006 est,
1739 3947 1843 4015 quam
1858 3927 2059 4002 amittenda
2074 3934 2147 4020 vits,

124 4047 222 4106 ram,
250 4033 284 4089 et
305 4013 494 4104 horribiles
516 4013 659 4091 dolores
675 4024 710 4081 et
726 4033 867 4081 sensum
884 4010 955 4082 icae
968 4010 1037 4085 Dei
1052 4029 1109 4086 to-
1263 4014 1345 4104 qu'ia
1366 4039 1406 4084 ex
1423 4018 1564 4089 duobus
1581 4019 1683 4091 malis
1700 4023 1783 4116 eligi
1800 4026 1904 4098 debet
1919 4030 1959 4100 id
1976 4035 2077 4128 quod
2089 4037 2149 4106 mi·

124 4131 334 4201 iuraturum,
358 4143 447 4213 quae
460 4129 579 4186 tamen
595 4116 714 4184 futura
731 4126 821 4184 esset
835 4114 972 4208 victrix.
1262 4138 1331 4186 nus
1344 4129 1406 4192 est.

1034 4288 1037 4302 ,
1177 4286 1179 4291 ⁴
1211 4213 1412 4290 Praefectus
1430 4217 1656 4312 Imperatoris
1669 4227 1823 4319 petebat,
1848 4255 1924 4304 uon
1940 4236 2055 4311 vitam
2063 4239 2149 4313 Lao

215 4330 458 4418 Agnoscamus
476 4332 591 4416 autem
609 4341 675 4386 nos
689 4341 770 4391 rece
783 4341 864 4388 reus
878 4333 912 4390 et
927 4333 1108 4392 cruentam
1262 4320 1389 4406 rentii,
1409 4323 1472 4392 sed
1488 4325 1689 4414 pecuniam:
2016 4333 2019 4337 ’

124 4419 432 4529 ρεΙΙίωὶεπίεεεε,
458 4423 517 4491 sed
534 4421 614 4489 ideo
630 4443 696 4491 nos
709 4421 860 4507 servari,
886 4422 969 4514 quia
983 4422 1110 4493 fascio·
1211 4415 1308 4511 Ergo
1330 4421 1545 4495 Laurentius
1567 4428 1897 4523 debuitpecuniam
1915 4438 2004 4510 dare
2028 4443 2147 4535 potius,

126 4538 197 4607 lam
219 4547 358 4603 nostrae
378 4539 524 4597 naturae
548 4523 643 4592 filius
664 4521 732 4593 Dei
756 4521 824 4593 sibi
846 4523 1046 4612 copulavit,
1069 4550 1111 4594 ac
1264 4549 1370 4619 quam
1389 4523 1562 4621 Tyranno
1586 4555 1715 4625 corpus
1737 4535 1943 4609 crudelibus
1967 4544 2088 4616 modio
2101 4545 2149 4616 12-

124 4648 310 4730 propterea
325 4645 461 4702 nostras
476 4625 656 4716 pelliculas
671 4624 809 4708 induit,
829 4639 869 4694 ut
885 4625 1059 4695 iusticiam
1076 4641 1112 4699 et
1264 4629 1456 4699 cerandum
1470 4630 1652 4705 obiicere..

125 4739 235 4809 vitam
257 4736 361 4807 nobis
382 4731 515 4810 reddat.
566 4726 634 4799 Sed
660 4719 746 4796 haec
769 4749 870 4817 saepe
887 4727 974 4796 alias
989 4729 1112 4819 copio—
1241 4800 1242 4803 ,
1599 4733 1708 4805 Item:

126 4843 199 4912 sius
217 4837 451 4906 declarantur.
502 4825 580 4900 Oro
603 4843 721 4898 autem
745 4822 840 4896 brine
861 4829 978 4919 ipsum
996 4830 1109 4903 filium
1214 4827 1377 4904 Ministri
1390 4827 1568 4905 Ecclesiae
1590 4858 1664 4906 nou
1681 4839 1812 4912 debent
1832 4846 2025 4933 pecuniam
2045 4852 2151 4946 pluris

125 4939 294 5033 virginis,
343 4933 538 5005 Dominum
573 4943 733 4999 nostrum
770 4926 885 4998 lesum
917 4925 1112 5019 Christum,
1264 4935 1396 5020 facere,
1420 4960 1527 5031 quam
1550 4938 1679 5025 vitam,
1704 4940 1799 5014 iuxta
1824 4944 1932 5018 illud:
1968 4946 2152 5028 Auferenti

126 5042 329 5119 crucifixum
354 5060 417 5129 pro
443 5033 546 5100 nobis
562 5045 596 5100 et
611 5029 874 5116 resuscitatum,
898 5044 940 5101 ut
957 5026 1020 5102 has
1038 5035 1111 5104 fra-
1266 5036 1434 5125 pallium,
1457 5040 1609 5109 concede
1625 5054 1660 5111 et
1679 5043 1850 5118 tunicam.

125 5147 212 5240 giles
223 5138 402 5218 fasciolas,
428 5135 550 5217 idest,
574 5133 769 5233 nosipsos,
796 5144 833 5221 et
851 5131 1112 5211 coetusEccle·
1213 5136 1427 5209 Laurentius
1454 5142 1758 5215 conservationem
1787 5151 1963 5241 pecuniae
1989 5160 2151 5250 praetulit

125 5251 197 5325 siae
232 5260 268 5317 et
298 5236 449 5315 Scholae
488 5235 679 5305 elementer
713 5234 887 5324 gubernet
918 5249 953 5325 et
986 5252 1111 5313 servet.
1266 5259 1348 5308 suae
1365 5239 1467 5310 vitae.

122 5348 218 5420 Dixi.
1155 5428 1158 5435 Ι
1212 5335 1310 5430 Ergo
1325 5362 1400 5414 non
1415 5342 1616 5420 rectefccil.
