4546 5760
133 146 241 246 aas
283 244 287 261 ,
857 154 1181 242 cannruuu
1230 170 1337 251 ura.
1363 173 1420 255 11.
2030 190 2033 194 “
2084 186 2152 263 aas

71 283 74 289 ·
130 344 213 417 Nou
237 358 288 433 te,
312 337 475 431 Christe,
496 326 634 428 umen,
657 362 762 434 quam
779 353 817 409 tu
837 340 929 430 regis
938 335 973 437 ¹)
988 339 1119 433 ¹oppri·
1170 339 1239 413 No.
1262 343 1346 420 173.
1980 362 2152 485 Q

1180 440 1342 470 Μ

698 466 716 511 e
782 465 844 512 ro
2079 530 2083 537 ι

182 547 254 620 Sed
270 547 385 619 victor
400 568 519 618 servas
532 542 561 642 Ι)
583 443 1042 640 haulnelidiugidcolumem.
1240 524 1272 582 ¹¹¹
1283 545 1346 602 ⁰1²9·
1358 529 1440 589 Μ·
1451 531 1487 587 Τ·
1499 535 1533 592 V·
1547 549 1575 607 P·
1589 533 1650 595 ³⁵⁹·
1669 545 1696 592 ‘l
1709 538 1782 612 apsa
1796 539 1932 599 vineant·
1941 559 1969 615 t·
1983 540 2047 600 ¹⁶²

130 647 204 722 Nos
219 673 300 739 ergo
317 649 357 719 in
373 663 515 742 portum
527 649 681 720 deducas
696 660 801 741 atque
817 648 1006 736 gubernes,
1170 668 1391 748 Andreae
1428 676 1696 754 ommno
1735 685 1941 760 lumem
1976 687 2148 782 ‘mmm

180 749 303 824 Deleri
316 765 442 824 nautas
456 775 521 824 nec
536 750 670 845 patiare
684 761 789 832 tuos
1448 780 1677 854 ,romanae
1694 805 1755 859 an·
1775 783 1886 861 ¹540·
2184 788 2186 793 .

1172 901 1352 999 lnterpres
1368 905 1480 999 luris,
1506 912 1607 984 cuius
1622 915 1785 988 doctriua
1801 931 1978 1002 senatum,

126 1059 128 1062 .
1220 1006 1270 1079 Et
1284 1013 1405 1103 populi
1421 1030 1538 1088 motus
1551 1016 1598 1108 ¹),
1624 1019 1885 1115 consiliumque
1906 1020 2011 1112 regifi

131 1116 197 1188 No,
222 1117 306 1191 170,
949 1142 997 1183 au.
1022 1118 1118 1186 1540,
1169 1104 1235 1180 Est
1250 1112 1343 1183 inter
1361 1114 1455 1185 cives
1470 1117 1595 1188 metito
1611 1142 1675 1189 ceu
1691 1145 1824 1191 numen
1841 1119 2040 1212 habeon

135 1212 308 1245 Μ
945 1210 1116 1239 m
1220 1209 1268 1284 Et
1286 1239 1369 1285 vero
1382 1217 1512 1308 dignus
1525 1240 1663 1312 semper
1678 1217 1814 1295 honore
1830 1224 1917 1295 coli:
2000 1257 2004 1265 ’

194 1315 230 1372 ln
243 1315 398 1390 opnssuil
410 1315 446 1373 Τ.
459 1317 493 1375 V·
514 1334 544 1388 r·
556 1316 617 1373 8⁵9·
653 1316 782 1372 vtneeae
801 1334 829 1388 e·
846 1313 949 1386 ¹⁶⁹⁸s
1170 1310 1210 1384 Si
1226 1318 1331 1386 modo
1348 1316 1536 1407 iustitiam,
1561 1346 1752 1418 pacemque
1768 1326 1947 1422 fidemque
1962 1337 2082 1398 tuetur

1219 1413 1268 1487 Et
1280 1413 1415 1491 Christi
1429 1420 1521 1511 leges
1537 1425 1677 1509 asserit,
1702 1439 1808 1520 atque
1824 1429 1921 1507 colit.

516 1593 526 1602 ,
1169 1513 1221 1588 Ut
1233 1518 1296 1612 qui
1310 1521 1455 1593 nolebat
1467 1523 1581 1593 diram
1598 1526 1789 1597 defendere
1802 1532 1959 1633 caedem,

125 1616 265 1693 Christe
280 1639 361 1696 tuos
376 1637 473 1695 vates
488 1622 628 1693 educito
645 1622 794 1694 saltibus
808 1621 897 1701 istis,
1220 1619 1300 1708 Qua
1313 1623 1457 1692 fratrem
1475 1620 1603 1694 Caesar
1616 1628 1756 1698 sustulit
1776 1623 1805 1723 ²)
1819 1631 1894 1723 ipse
1910 1629 2058 1704 Geumz

176 1722 324 1812 Rursus!
332 1737 367 1796 et
382 1725 579 1796 incolumes
592 1724 633 1793 in
648 1739 709 1796 tua
726 1723 855 1814 templa
875 1723 962 1808 loca,
1170 1717 1217 1791 Ut
1235 1721 1380 1809 Morus,
1406 1725 1488 1820 qui,
1511 1751 1557 1796 nc
1580 1728 1731 1799 divortia
1748 1745 1836 1802 tetra
1853 1734 2035 1825 probaret,

124 1823 367 1922 lucendasque
383 1828 534 1918 animos,
559 1841 768 1918 tenerasque
781 1824 949 1896 resolvito
964 1823 1114 1916 linguas,
1218 1821 1536 1908 Saevitiamsubiit
1552 1829 1655 1899 foede
1670 1830 1842 1927 'l'yranne
1858 1848 1971 1906 tuam.

176 1926 224 2000 Ut
238 1930 376 2020 possint
389 1930 512 1999 laudes
526 1929 770 1998 concelebrare
785 1940 873 1999 tuas.
979 1991 986 1999 ,
1164 1920 1246 1994 Non
1263 1923 1361 1995 tituli
1380 1927 1535 2020 insignes
1552 1931 1704 2016 faciunt,
1727 1958 1791 2005 nec
1812 1961 1969 2028 purpura
1985 1936 2125 2025 clarum,

123 2027 189 2099 Vis
203 2031 333 2100 etenim
350 2030 527 2101 infantum
544 2030 682 2100 laudari
700 2054 803 2113 voce,
828 2026 1000 2122 dabisque
1216 2024 1255 2096 si
1271 2027 1394 2099 vendit
1406 2031 1542 2118 fumos,
1569 2045 1629 2104 aut
1644 2035 1750 2106 struit
1763 2050 1837 2109 arte
1853 2039 1968 2111 dolos·

173 2133 331 2224 ingeniis
348 2133 460 2218 vires,
486 2132 737 2226 eloquiumque
754 2132 832 2224 piis.
919 2198 922 2203 .

321 1479 395 1548 Pro
411 1475 588 1548 ineolumi
599 1471 731 1544 reditu
742 1476 920 1566 precatio.

120 2493 189 2570 No,
209 2496 293 2568 171,
508 2531 512 2538 -
907 2494 987 2562 Noe,
1015 2494 1109 2563 1540,
1231 2493 1263 2548 ln
1278 2511 1343 2567 opp.
1358 2495 1439 2552 Basil.
1450 2495 1485 2553 T.
1493 2497 1529 2552 V.
1543 2516 1570 2568 p.
1581 2496 1643 2554 159.
1658 2506 1685 2552 et
1696 2501 1770 2571 apud
1785 2501 1867 2562 Viae.
1883 2522 1911 2575 p.
1922 2503 1985 2559 167.

129 2591 302 2622 Μ
930 2584 1102 2614 Μ
1450 2641 1458 2657 ⁸
1498 2638 1507 2656 ⁰
1804 2647 1812 2664 ⁸
1951 2649 1960 2667 ο
2013 2652 2024 2670 e

190 2699 308 2753 Versuss
331 2697 393 2767 „ds
405 2695 538 2763 inquietis
551 2689 706 2759 egenum
724 2688 770 2759 qui
789 2689 817 2741 in
840 2706 905 2760 opp.
926 2688 1006 2743 Basil.
1026 2688 1060 2744 T.
1074 2693 1109 2744 V.
1160 2634 1297 2708 ‘inas‘
1324 2626 1601 2710 Camillam)
1630 2640 1863 2718 mmmm
1882 2644 1931 2717 de
1945 2667 2148 2740 mimm-

241 2766 320 2820 .559.
331 2775 358 2817 et
371 2764 442 2830 apud
461 2761 584 2816 vincent.
598 2780 625 2833 p.
640 2759 698 2815 162.
715 2759 852 2830 leguntur,
871 2759 933 2813 vids
947 2759 975 2812 in
987 2758 1108 2832 epistolis
1357 2741 1451 2828 11111,
1479 2761 1540 2812 an.
1556 2737 1666 2816 1540·
1683 2741 1745 2816 dle
1758 2746 1952 2821 Andreae.

256 2833 291 2890 d.
306 2832 369 2888 vot.
385 2830 434 2887 ¹¹¹·
449 2850 475 2904 l>-
490 2830 566 2885 rtet.
1160 2873 1268 2944 Hunc
1284 2870 1427 2944 Andrea
1443 2875 1540 2944 diem
1555 2901 1635 2946 cara
1647 2903 1729 2948 cum
1746 2883 1896 2975 coniuge
1913 2898 2020 2957 natos

1209 2976 1321 3067 Spero
1337 2977 1501 3068 equidem
1516 2978 1627 3049 laetos
1646 2984 1892 3058 concelebrare
1908 3002 2000 3059 tuus.

1165 3075 1312 3169 lamque
1328 3078 1455 3168 pudica
1474 3102 1600 3171 parcns
1614 3095 1779 3173 gnatum,
1803 3111 2003 3184 parvasque
2017 3114 2142 3163 sorores

116 3166 186 3240 No.
206 3165 291 3242 172.
932 3187 982 3230 ⁸¹¹·
1011 3163 1106 3228 154⁰·
1217 3177 1309 3249 Vota
1326 3180 1451 3251 iterare
1466 3181 1567 3251 iubet
1580 3206 1644 3274 pro
1659 3187 1819 3273 genitore
1834 3215 1911 3261 suo.
2014 3269 2016 3272 y

124 3262 297 3296 m

928 3253 1099 3282 Μ

1160 3279 1312 3352 Nomine
1326 3304 1392 3350 nos
1409 3283 1514 3352 etiam
1535 3285 1682 3371 moniti,
1707 3288 1774 3357 tibi
1789 3291 1901 3364 fausta
1916 3319 2111 3388 precamen

185 3386 269 3459 apud
279 3381 408 3440 Wflffll·
423 3400 453 3456 P·
465 3378 548 3453 ⁸⁶¹³·
559 3386 588 3435 ‘¹
601 3375 630 3432 ³¹¹
642 3374 759 3448 ⁸⁰¹³P¹l⁸
772 3373 893 3448 ⁹⁰5¹·T·
905 3374 953 3433 ¹¹¹·
970 3394 998 3446 Ρ·
1009 3374 1097 3433 9691·
1209 3381 1258 3454 Ut
1276 3399 1390 3455 servet
1406 3379 1569 3454 Christus
1586 3397 1689 3480 teque
1707 3403 1875 3487 tuamque
1890 3398 2052 3474 doersum.

147 3550 375 3624 wormatiae
399 3567 496 3619 uano
519 3537 631 3620 154⁰.
652 3543 835 3615 Simoni
858 3541 1079 3634 Grynaeo·
1160 3483 2094 3689 Nefipsupppii'aflfispttqr’vgffleeuggrt‘ilffgffl’

117 3702 223 3795 Quod
241 3702 355 3772 Tullii
372 3699 500 3771 tribuis
517 3698 637 3767 laudes
654 3689 744 3762 mihi
759 3695 860 3766 docte
876 3691 1053 3788 Grynaee,
1158 3687 1217 3758 Tu
1237 3713 1378 3782 quoque
1401 3688 1533 3806 legatus
1549 3713 1644 3761 nunc
1664 3716 1700 3761 cs
1716 3718 1780 3786 pro
1798 3699 1961 3788 dogmate
1976 3702 2114 3790 Christi,

167 3804 236 3876 Hei
253 3803 405 3873 nimium
420 3800 598 3872 dici‘lorte
612 3795 719 3868 Poeta
736 3798 867 3866 studes.
1207 3789 1255 3861 Ut
1274 3787 1420 3859 Domiur
1440 3787 1602 3860 Andreas
1619 3795 1772 3883 nuncius
1790 3799 1851 3868 ille
1866 3803 1946 3874 fuit.

113 3904 265 3979 Effinxit
280 3905 421 3979 Siculus
436 3901 721 3990 coeliterracque
736 3897 876 3988 figuras,
1154 3887 1264 3961 Curat
1279 3891 1430 3980 legatos,
1456 3917 1544 3984 quos
1563 3893 1673 3965 mittit
1689 3912 1805 4016 rector
1819 3898 1983 4000 Olympi,

166 4008 214 4080 Et
230 4033 318 4104 quas
333 4005 490 4077 efficiunt
503 4003 617 4073 sidere
633 4000 753 4091 pulcra
772 3997 882 4068 vicesi
1205 3992 1288 4064 Non
1304 4015 1386 4083 ergo
1403 4018 1523 4064 curam
1541 3996 1677 4067 deseret
1692 4023 1767 4091 ipse
1783 4002 1847 4074 tui.

113 4108 197 4182 Non
214 4125 332 4182 tamen
349 4109 408 4177 ille
422 4104 498 4176 Deo
513 4103 631 4196 potuit
647 4125 683 4171 se
698 4124 847 4193 aequare
864 4096 1043 4189 magistro,

166 4202 241 4303 Qui
256 4212 363 4280 vitam
381 4223 415 4278 et
431 4219 567 4276 motum
584 4206 689 4274 rebus
704 4202 817 4272 inesse
833 4200 950 4275 dedit·

112 4311 309 4409 Eloquium
326 4308 440 4382 Tullii
454 4307 505 4377 sie
520 4330 625 4376 nemo
645 4305 852 4396 expresserit
868 4326 1038 4397 unquam,
1155 4290 1332 4419 Q
1967 4312 2125 4436 w,

167 4414 274 4507 Quod
290 4415 383 4486 fudit
397 4424 497 4481 motu
511 4427 610 4477 meus
625 4406 752 4493 agitata
768 4403 847 4477 Dei.

112 4517 226 4592 Nemo
243 4517 398 4587 Periclen
416 4511 576 4607 quamvis
590 4509 636 4580 sit
659 4510 837 4599 praeditus
849 4531 922 4588 ore,
1167 4614 1169 4619 Α

165 4617 378 4712 Assequitur
391 4616 515 4687 laudes
528 4609 651 4683 Marce
664 4610 795 4680 diserte
809 4625 898 4684 tuas.
1171 4622 1361 4692 mmo
1386 4618 1565 4693 3ρΜφο
1594 4630 1801 4715 maram,-
1821 4651 1981 4710 mmm
2002 4638 2111 4733 Μ

113 4719 252 4795 luteres
265 4719 365 4792 tenui
380 4742 469 4788 vena
485 4712 673 4810 praeconia
688 4708 823 4784 Christi
1508 4723 1785 4822 (affirmatque).

164 4823 290 4896 Dicere
305 4823 335 4890 si
351 4838 493 4912 potero,
518 4833 572 4889 sat
584 4810 675 4886 mihi
691 4814 807 4886 laudis
821 4816 898 4888 erit.

110 4927 160 5002 Et
173 4926 269 4997 Deus
286 4924 460 4994 inlautum
481 4917 649 4993 celebrari
665 4920 793 5008 gaudet
812 4919 946 5004 abore,

164 5029 259 5102 Huic
273 5047 356 5114 ergo
373 5024 527 5095 officium
541 5046 644 5115 spero
661 5021 797 5112 placere
813 5046 943 5092 meum.

1221 4474 1254 4531 ln
1267 4495 1332 4550 app.
1344 4477 1406 4534 Bas.
1419 4477 1456 4534 Τ.
1472 4475 1503 4532 V.
1520 4496 1546 4550 p.
1559 4475 1621 4534 160.
1635 4489 1662 4533 et
1675 4481 1747 4552 apud
1761 4480 1844 4542 Vine.
1858 4505 1887 4560 p.
1900 4489 1964 4549 169.

1152 4851 1324 4922 Formicis
1342 4857 1470 4944 gaudet
1485 4856 1652 4943 formica,
1679 4860 1796 4932 cicada
1815 4864 1958 4956 cicadis,
1973 4955 1976 4959 Ι

1201 4951 1327 5024 Dulcia
1346 4958 1395 5025 sic
1412 4952 1500 5027 mihi
1518 4975 1601 5031 suut
1618 4976 1731 5032 vestra
1748 4967 1924 5044 sodalitia.

1149 5052 1224 5126 Cur
1238 5057 1347 5146 igitur
1363 5083 1419 5127 mc
1435 5085 1509 5129 non
1523 5063 1566 5131 ad
1583 5087 1727 5133 coenam
1744 5071 1891 5141 accersis
1908 5070 2080 5150 Erasme?

113 5181 333 5205 ----
1198 5155 1257 5227 An
1276 5160 1357 5252 quia
1376 5185 1431 5229 me
1448 5160 1571 5232 Vatem
1587 5190 1660 5234 non
1674 5167 1762 5238 satis
1773 5194 1846 5241 esse
1860 5179 1992 5264 putas?

145 5271 174 5339 Ξ)
192 5268 297 5324 Paulin.
316 5265 395 5332 tegr's.
1146 5295 1370 5308 ·---·--
1433 5306 1436 5312 ·

145 5359 176 5428 3)
194 5354 299 5411 Paulin.
314 5365 421 5407 servas.
1179 5358 1208 5425 ll
1225 5366 1337 5426 suasus]
1355 5360 1434 5418 Basil.
1452 5379 1557 5418 naeres.
1736 5365 1765 5434 2)
1783 5366 1868 5427 Basil.
1880 5378 2017 5442 peram,
