4546 5760
82 200 153 288 109
673 208 1096 305 Quausvtorttts
1131 207 1528 288 ACADEMICAE.
1975 207 1977 211 ’
2042 214 2118 287 890

82 381 172 483 uode
202 374 292 465 τοὺς
326 381 494 481 ἀστέρας.
573 384 672 454 Anni
697 385 990 479 quadripartitam
1018 385 1074 454 di·
1126 399 1222 475 grata
1239 400 1358 458 mente
1375 388 1549 478 cogitare,
1574 399 1608 457 et
1630 386 1807 457 celebrare
1827 409 1913 456 voce
1929 398 1962 456 ct
1977 386 2117 478 scriptis

82 487 308 562 munionem
334 500 488 583 quatuor
510 500 710 579 temporum
736 487 941 578 gratissimis
958 489 1072 556 varia·
1126 511 1192 560 nos
1209 491 1319 564 decet.

82 604 150 665 tom
176 590 336 673 vicibus,
367 590 555 682 praecipue
579 590 685 661 efficit
706 603 740 660 et
764 602 936 680 temperat
952 612 1073 659 annuo
1228 588 1306 681 Ago
1332 592 1452 682 itaque
1473 588 1602 679 gratias
1622 601 1697 658 toto
1719 603 1861 679 pectore
1882 587 1959 660 De‘o
1973 604 2116 663 aeterno

82 683 232 766 circuitu
248 690 324 764 Sol.
376 685 631 783 Κατάστασις,
653 715 744 786 quae
757 705 793 762 et
805 692 957 760 maiores
969 691 1073 776 aiiris,
1124 695 1216 785 patri
1232 692 1378 763 Domini
1397 691 1512 762 nostri
1536 688 1616 761 lesu
1632 686 1768 761 Christi
1786 691 1964 762 conditori
1980 694 2117 785 generis

82 795 316 868 evidentiores
339 789 403 866 stul
429 791 745 890 καθολικωτέρας,
787 807 821 863 ιι
852 793 1007 862 minores
1033 817 1073 863 ac
1127 791 1273 866 humani
1291 809 1325 866 et
1341 791 1519 864 Ecclesiae
1536 818 1636 873 suae,
1662 788 1754 865 sonti
1771 807 1807 863 ct
1821 795 1940 864 autori
1954 796 2117 865 omnium

82 897 198 969 minus
212 897 386 986 insignes,
408 909 447 967 ut
461 897 708 989 particulares,
730 909 945 979 menstruas,
971 896 1073 965 diur-
1125 901 1301 968 bonorum
1325 912 1359 967 et
1381 896 1495 964 felicis
1517 921 1556 966 ac
1577 897 1740 965 salutaris
1756 896 2018 983 medicationis,
2043 921 2115 973 uua

82 1022 159 1085 on,
186 995 367 1083 horarias,
399 1013 435 1068 et
457 1022 549 1089 pene
571 998 1078 1078 momentaneas'variationes
1125 1024 1204 1069 cum
1219 1000 1293 1068 filio
1310 1023 1374 1069 suo
1389 996 1545 1068 Domino
1564 1012 1684 1068 nostro
1700 996 1779 1068 Iesu
1793 992 1959 1084 Christo,
1988 1001 2051 1093 qui
2065 1015 2117 1072 est
2152 1016 2154 1020 ’

82 1101 335 1194 complectitur.
394 1098 458 1169 Illa
482 1124 564 1191 ergo
585 1102 666 1171 talis
689 1114 741 1170 est
763 1122 887 1190 magna
915 1124 956 1169 ex
973 1114 1072 1191 parte
1125 1095 1233 1200 λόγος
1254 1097 1314 1174 καὶ
1335 1095 1444 1173 slxolv
1462 1101 1589 1192 patris,
1615 1115 1649 1170 et
1667 1095 1818 1193 μεσίτης
1831 1096 1894 1171 καὶ
1910 1097 2030 1194 ἱκέτης
2048 1127 2116 1172 no·

82 1206 211 1301 avaria
234 1216 268 1273 et
291 1225 375 1292 vaga
394 1203 614 1294 planetarum
637 1203 879 1287 obseratione,
906 1225 1071 1291 congres·
1125 1217 1196 1274 ster
1212 1228 1331 1274 coram
1351 1217 1469 1294 patre,
1496 1219 1530 1274 et
1553 1227 1634 1273 cum
1652 1202 1791 1293 Spiritu
1814 1217 1935 1274 sancto
1954 1201 2115 1274 Paracle-

82 1330 189 1401 toque
209 1306 303 1375 iuter
324 1327 362 1373 se
383 1307 599 1390 eorundem,
632 1319 666 1376 et
688 1306 826 1374 diversa
854 1305 1072 1374 coniectione
1125 1322 1180 1391 to,
1214 1322 1330 1397 casto,
1365 1307 1445 1374 vivo
1475 1321 1509 1375 et
1531 1329 1670 1390 verace,
1704 1306 1801 1399 quod
1828 1301 2022 1375 Ecclesiam
2046 1306 2115 1379 sibi

82 1408 371 1501 armentioneque
386 1408 569 1478 radiorum
584 1431 624 1476 ex
638 1407 886 1476 differentibus
900 1407 1070 1476 interval·
1126 1410 1217 1478 inter
1234 1432 1300 1477 nos
1323 1408 1458 1498 colligit
1476 1432 1561 1478 voce
1582 1422 1616 1478 et
1632 1408 1829 1478 ministerio
1845 1405 2031 1501 Evangelii
2050 1408 2116 1493 sui,

82 1504 119 1583 lis
143 1510 368 1581 dissimiliter
380 1510 474 1580 inter
493 1533 530 1579 se
550 1509 772 1594 collisorum,
798 1522 902 1602 atque
914 1509 959 1578 ab
974 1511 1070 1578 iner-
1124 1514 1219 1604 quod
1237 1512 1280 1579 ad
1294 1511 1494 1581 societatem
1510 1511 1608 1580 illius
1621 1523 1789 1603 tanquam
1804 1509 1898 1579 cives
1911 1511 2115 1580 etmembra

82 1615 233 1685 rontium
260 1612 364 1681 etiam
391 1627 427 1682 et
460 1613 558 1682 coelo
579 1608 861 1681 adhaerentium
888 1611 1069 1681 stellarum
1124 1635 1189 1681 nos
1211 1614 1351 1683 vocavit
1373 1626 1409 1683 et
1431 1613 1613 1697 adiunxit,
1646 1614 1741 1705 quod
1759 1612 1939 1683 doctrinae
1955 1612 2115 1689 coelestis

82 1726 201 1787 exortu
216 1728 251 1785 et
265 1713 451 1798 decubitu,
476 1714 653 1784 luminum
668 1714 854 1807 deliquiis,
881 1714 1070 1783 ardoribus
1121 1715 1323 1784 sincerioris
1339 1728 1373 1784 et
1389 1715 1538 1784 aliarum
1556 1714 1686 1782 artium
1703 1713 1846 1783 utilium
1862 1714 1978 1783 studia
1993 1715 2032 1782 in
2049 1709 2114 1785 hac

82 1817 300 1910 lagrantium
328 1830 543 1886 cometarum
575 1830 609 1886 et
639 1830 878 1886 meteororum
912 1817 1070 1885 variante
1123 1814 1312 1887 Academia
1337 1841 1411 1885 raon
1431 1817 1516 1887 sinit
1539 1815 1717 1906 extingui,
1749 1816 1843 1908 quod
1861 1831 1895 1885 ct
1916 1840 1973 1887 me
1989 1830 2024 1886 et
2039 1829 2114 1888 stu-

82 1919 298 2003 liversitate,
333 1942 422 2011 quae
441 1919 475 1988 vi
498 1921 663 2013 syderum
679 1918 877 1988 excitantur
894 1932 928 1987 et
948 1920 1067 1987 discu-
1123 1921 1179 1988 dia
1215 1944 1309 2003 mea,
1350 1931 1384 1989 ct
1410 1932 1555 1990 conatus
1580 1919 1618 1986 in
1645 1918 1807 1989 docendo
1835 1943 1873 1987 ac
1903 1919 2113 1990 medicando

82 2024 225 2095 :tantun
275 2019 373 2091 Haec
387 2044 468 2090 cum
484 2020 555 2091 sint
569 2022 848 2099 evidentissima,
876 2034 914 2090 ut
931 2021 1066 2113 reliqua
1123 2018 1291 2092 hactenus
1314 2020 1404 2090 rexit
1427 2036 1533 2114 atque
1556 2021 1703 2092 adiuvit.
1763 2015 1929 2114 Eumque
1943 2044 2006 2091 oro
2020 2022 2112 2090 veris

82 2124 254 2204 rinittam,
290 2122 508 2194 convincunt
530 2147 604 2193 non
625 2124 872 2214 negligendam
894 2144 969 2191 esse
989 2121 1068 2190 Me·
1121 2137 1155 2192 ct
1170 2123 1378 2199 ardentibus
1396 2124 1603 2213 gemitibus,
1626 2137 1667 2194 ut
1682 2121 1849 2214 deinceps
1869 2123 1975 2192 etiam
1994 2136 2029 2192 et
2042 2118 2112 2199 hoc

82 2226 156 2299 liro
194 2247 339 2318 prorsus
366 2220 477 2307 hanc,
518 2227 562 2296 de
590 2250 658 2319 qua
697 2225 834 2309 dixisti,
872 2218 1067 2317 μαντικήν.
1120 2226 1363 2294 doctrinarum
1401 2227 1622 2295 domicilium
1662 2237 1821 2305 tueatur,
1864 2239 1899 2296 et
1929 2238 2113 2295 conservet

82 2329 145 2402 lod
174 2323 280 2398 huius
305 2326 374 2394 loci
404 2350 479 2396 non
510 2342 559 2398 cst
587 2322 674 2396 haec
699 2326 872 2419 prolixius
894 2327 1067 2419 persequi.
1120 2323 1205 2397 haec
1228 2351 1289 2397 sua
1313 2329 1425 2413 dona,
1451 2353 1571 2397 vocem
1582 2323 1771 2418 Evangelii
1788 2329 2048 2417 incorruptam,
2078 2342 2112 2397 et

82 2429 197 2525 Quare
217 2444 251 2500 et
270 2429 468 2499 rationibus
484 2429 641 2514 omissis,
668 2444 702 2500 et
720 2430 951 2499 autoritatum
965 2429 1066 2498 testi·
1121 2432 1227 2500 totius
1240 2431 1396 2521 purioris
1408 2424 1660 2522 Philosophiae
1677 2430 1811 2509 studia,
1837 2445 1871 2500 et
1886 2443 2000 2499 tutum
2017 2430 2111 2499 vitae

82 2522 225 2612 doniis,
260 2546 295 2603 et
312 2532 473 2620 longiore
493 2533 727 2623 explicatione
751 2533 924 2623 praecisa,
959 2534 1003 2600 ad
1028 2531 1065 2600 id
1120 2554 1232 2619 meae,
1258 2534 1458 2602 studiorum
1475 2558 1515 2602 ac
1529 2532 1805 2602 medicationum
1821 2555 1962 2601 cursum
1980 2533 2111 2621 guber·-

82 2658 129 2707 ue
146 2648 335 2718 converto,
361 2637 459 2729 quod
475 2635 641 2705 ultimum
660 2635 699 2702 in
718 2630 785 2703 hoc
800 2648 879 2704 actu
898 2647 1065 2725 superest.
1119 2649 1195 2720 net,
1222 2635 1351 2724 dirigat
1374 2650 1408 2705 et
1423 2639 1599 2721 tortunet,
1624 2658 1750 2728 meque
1774 2634 1860 2704 velit
1877 2658 1949 2703 esse
1966 2659 2026 2705 vas
2040 2636 2109 2703 mi·

173 2735 410 2829 Praecipuum
433 2741 529 2830 quod
546 2738 583 2805 in
607 2731 663 2805 his
678 2737 921 2825 congressibus
938 2736 1064 2828 publi·
1117 2736 1327 2807 scricordiac
1347 2752 1382 2807 et
1404 2761 1575 2828 organum
1602 2738 1770 2821 salutare,
1801 2751 1898 2807 utet
1922 2736 1988 2827 ipsi
2011 2751 2108 2826 grata

82 2840 122 2910 :is
136 2840 279 2930 piorum
293 2852 328 2908 et
340 2840 526 2909 doctorum
539 2834 725 2907 hominum
739 2851 773 2907 et
789 2839 945 2909 veritatis
960 2851 1064 2931 atque
1117 2841 1259 2924 faciam,
1286 2854 1321 2909 et
1343 2841 1476 2931 prosim
1494 2841 1615 2909 multis
1632 2840 1669 2907 in
1693 2861 1820 2927 genere
1832 2833 1989 2908 humano
2006 2838 2109 2909 utilia

82 2941 284 3013 concordiae
305 2942 499 3010 amantium
523 2942 601 3010 fieri
626 2942 748 3024 debet,
778 2954 831 3011 est
845 2942 999 3031 precatio
1018 2943 1060 3009 ad
1117 2943 1295 3025 docendo,
1322 2956 1355 3012 et
1372 2957 1481 3012 artem
1498 2943 1669 3010 medicam
1685 2941 1859 3009 foeliciter
1874 2941 2049 3011 faciendo.

82 3040 188 3114 Deum
217 3044 345 3112 ardens
376 3065 417 3113 ac
438 3046 547 3129 seria,
580 3044 825 3133 ctgcatiarum
848 3044 960 3123 actio,
994 3066 1061 3136 qua
1217 3042 1357 3113 Deinde
1378 3044 1507 3135 gratias
1532 3067 1597 3133 ago
1620 3041 1861 3112 lllustrissimo
1884 3040 2044 3133 Principi
2066 3067 2107 3113 ac

82 3147 296 3218 ‚clebrentur
317 3143 504 3226 beneficia,
538 3147 668 3240 quibus
697 3146 868 3215 divinitus
890 3146 1064 3213 afficimur
1116 3145 1271 3216 Domino
1280 3143 1640 3235 DominoAugusto
1651 3142 1806 3215 Electum
1820 3142 2012 3227 Saxomae
2032 3143 2107 3215 Do-

82 3247 367 3321 ·tcnmulamur.
430 3246 557 3339 Ingens
589 3247 738 3317 omuino
759 3244 826 3315 Dei
850 3249 1060 3316 beneficium
1116 3274 1214 3317 mino
1230 3263 1351 3318 nostro
1366 3247 1673 3332 (dementissimo
1709 3246 1832 3340 quod
1822 3271 1860 3315 ιιι
1876 3238 1967 3315 hanc
1986 3270 2105 3317 curam

82 3360 140 3430 ut,
175 3350 272 3442 quod
296 3374 370 3418 non
396 3350 510 3420 solum
537 3351 698 3420 condidit
719 3372 830 3439 genus
854 3344 1061 3432 humanum,
1115 3353 1302 3443 praecipue
1324 3352 1519 3432 incumbit,
1551 3376 1640 3445 quae
1661 3374 1851 3440 praecipua
1868 3374 1906 3417 ιιι
1925 3371 2023 3417 omni
2041 3372 2106 3438 gu

82 3446 207 3526 thuic
220 3452 376 3522 ostendit
391 3466 482 3522 artes
504 3453 719 3544 multiplices
733 3452 825 3522 vitae
841 3451 1061 3534 necessarias,
1113 3455 1323 3523 bernatione
1345 3477 1418 3524 esse
1442 3456 1565 3538 debet,
1597 3468 1638 3523 ut
1658 3450 1754 3522 Deus
1776 3465 1869 3520 recte
1884 3464 2106 3540 agnoscatur,

82 3555 130 3626 ed
148 3552 250 3674 quod
272 3577 347 3623 sese
370 3555 473 3623 etiam
493 3555 671 3646 patefecit,
699 3580 738 3622 ac
755 3555 883 3624 tradita
899 3554 1059 3623 doctrina
1114 3569 1148 3625 et
1163 3569 1256 3625 recte
1269 3558 1406 3626 colatur
1422 3582 1501 3626 vera
1518 3557 1717 3625 obedientia
1734 3568 1768 3623 et
1783 3577 1863 3622 vcra
1880 3553 2104 3622 invocatione

82 3655 306 3727 ninisterium
331 3656 507 3738 instituit,
537 3681 607 3748 quo
626 3657 761 3746 colligit
780 3671 957 3724 aeternam
976 3651 1060 3723 hae·
1112 3681 1193 3729 cum
1210 3658 1336 3727 fiducia
1351 3659 1484 3730 aeterm
1501 3659 1565 3727 frlu
1583 3657 1793 3727 Mediatorrs
1808 3653 2104 3743 etRedemptorrs

82 3758 254 3829 uditatem
271 3771 415 3828 aeterno
432 3757 524 3827 Frlro
542 3757 696 3827 Domino
721 3772 842 3827 nostro
861 3753 1060 3828 lesuChri
1112 3761 1245 3845 nostri,
1271 3760 1380 3830 etDer
1392 3762 1502 3850 gloria
1514 3759 1729 3844 illustretur
1755 3753 2104 3829 ethominesductri-

82 3874 153 3934 ιιι·
184 3859 372 3947 Singulare
388 3886 471 3930 vero
487 3855 627 3928 hocDei
644 3862 852 3929 beneficium
866 3873 936 3943 est,
961 3860 1058 3951 quod
1112 3884 1179 3945 na,
1204 3864 1390 3954 disciplina
1406 3879 1439 3933 et
1454 3865 1589 3952 legibus
1603 3863 1730 3932 exculti
1746 3874 1780 3930 et
1793 3860 2028 3929 mansuefacti·
2039 3861 2103 3928 ad·

82 3956 189 4034 uhac
209 3957 328 4031 schola
346 3966 505 4034 restituta
527 3962 605 4032 luce
620 3963 798 4045 veritatis,
831 3986 952 4031 noser
971 3965 1057 4030 den·
1112 3967 1289 4035 ducantur
1302 3967 1346 4036 ad
1362 3963 1501 4046 Deum,
1527 3981 1561 4035 et
1577 3966 1765 4034 assuefiant
1779 3965 1822 4031 ad
1848 3962 1929 4029 fidei
1948 3976 1982 4031 et
1999 3962 2103 4030 invo-

84 4065 204 4136 issima
220 4064 370 4154 caligine
384 4065 600 4135 inveteratae
617 4065 895 4154 superstitionis,
922 4076 957 4133 et
972 4088 1058 4133 con·
1112 4069 1280 4151 cationis,
1314 4081 1454 4140 sanctae
1478 4092 1517 4136 ac
1541 4068 1616 4137 Deo
1638 4066 1811 4159 placentis
1830 4058 2040 4147 honestatis,
2066 4077 2102 4134 et

82 4167 323 4239 usissimarum
347 4168 557 4257 opinionum
579 4166 789 4235 errabundis
817 4166 980 4246 latebris,
1013 4170 1055 4235 ad
1111 4171 1270 4238 omnium
1293 4170 1433 4259 piarum
1458 4170 1630 4240 virtutum
1653 4168 1770 4238 studia
1799 4181 1903 4260 atque
1924 4166 2100 4248 exercitia,

82 4270 164 4340 llius
178 4270 267 4337 lucis
282 4269 824 4364 conspectumcognitionemque
839 4271 997 4348 reduxit,
1023 4283 1057 4338 et
1111 4286 1145 4342 et
1165 4286 1207 4342 ut
1231 4267 1314 4341 haec
1338 4267 1467 4342 Schola
1490 4286 1594 4365 atque
1612 4272 1651 4338 in
1674 4295 1712 4339 ea
1736 4269 1950 4361 optimarum
1970 4267 2099 4336 artium

82 4371 224 4442 scitatis
248 4383 353 4462 atque
377 4371 555 4441 instructis
577 4372 713 4440 idoneis
736 4374 940 4459 custodibus
965 4366 1057 4440 hauc
1109 4376 1242 4458 studia,
1275 4387 1309 4443 et
1337 4399 1426 4467 quae
1459 4374 1566 4442 semel
1597 4375 1786 4443 constituta
1812 4384 1864 4438 est
1896 4370 2099 4439 docentium

82 4487 161 4544 ovet
186 4495 226 4541 ac
250 4487 434 4542 conservat
453 4474 492 4542 in
518 4468 582 4541 hac
603 4469 722 4544 schola
746 4488 778 4542 et
796 4474 960 4564 plurimis
979 4474 1057 4541 aliis
1110 4500 1300 4556 consensu,
1335 4500 1459 4544 norma
1482 4477 1658 4558 veritatis,
1693 4476 1805 4562 vigeat
1820 4497 1859 4540 ac
1877 4483 2098 4561 propagetur.

83 4599 147 4646 um
161 4570 227 4644 hac
244 4575 463 4660 coniunctis,
490 4589 523 4645 et
542 4571 607 4645 hos
622 4575 765 4644 nidulos
783 4599 864 4644 suae
878 4573 1055 4645 Ecclesiae
1108 4577 1178 4647 Pro
1205 4579 1334 4669 quibus
1358 4579 1536 4647 beneficiis
1567 4591 1664 4648 tanto
1685 4574 1850 4664 Principe
1874 4573 2099 4662 dignissimis,

82 4672 184 4748 uhis
205 4677 310 4750 terris
331 4693 452 4749 contra
478 4678 825 4757 totadversationes,
854 4679 1055 4746 molitiones
1109 4695 1142 4750 et
1165 4705 1229 4770 pro
1249 4680 1419 4771 singulari
1452 4704 1530 4770 erga
1556 4704 1611 4749 mc
1636 4679 1820 4749 clementia
1846 4675 2096 4765 gratitudinem
2202 4744 2217 4766 .

83 4778 378 4898 timpetitiones‚
418 4793 539 4850 contra
564 4794 636 4849 tam
669 4779 889 4848 manifestam
921 4780 1053 4848 rabiem
1112 4781 1598 4853 lllustrissimaeCelsitudini
1631 4781 1706 4849 eius
1727 4791 1930 4870 perpetuam
1955 4802 2012 4847 me
2035 4779 2098 4845 de-

82 4881 253 4952 tominum
270 4877 416 4951 Cainico
438 4883 521 4951 odro
538 4882 651 4952 nostri
674 4881 868 4952 furentium
887 4894 1005 4953 tuetur
1022 4897 1055 4953 et
1108 4885 1190 4954 berc
1204 4885 1372 4975 profiteor
1386 4899 1420 4955 ct
1435 4885 1685 4973 praestiturum
1699 4881 1879 4972 pollrceor
1921 4876 1966 4949 Et
1979 4876 2095 4948 Deum
2133 4955 2144 4961 -

82 4984 227 5085 ·rotcgit.
279 4979 357 5052 Hoc
372 4985 542 5053 beneficio
559 5007 623 5052 nos
639 4983 946 5074 peculiariterDeo
962 4986 1055 5053 oblr
1107 5011 1189 5071 oro,
1216 5001 1254 5057 ut
1271 5002 1305 5056 et
1320 5010 1434 5077 ipsum
1446 4985 1725 5056 lllustrrssrmum
1737 4981 1938 5074 Principem
1954 4978 2096 5049 Electo—

82 5108 196 5156 amur
184 5068 247 5154 ad
264 5086 454 5174 gratiarum
470 5087 642 5154 actionem
659 5086 927 5176 sempiternam,
960 5101 994 5157 et
1009 5091 1052 5156 ad
1107 5113 1181 5157 rem
1205 5103 1240 5159 et
1261 5109 1308 5160 ov
1307 5081 1587 5183 μβουλεύτας
1557 5109 1649 5167 erus,
1679 5111 1719 5156 ac
1735 5086 1848 5154 socios
1865 5081 2094 5151 consiliorum

83 5186 180 5258 erius
202 5199 307 5280 atque
327 5189 509 5257 ardentius
530 5187 689 5257 studium
709 5188 888 5259 retinendi
909 5214 949 5258 ac
970 5213 1054 5281 pro
1107 5206 1141 5262 et
1167 5191 1207 5259 in
1235 5192 1489 5281 gubernatione
1513 5188 1708 5259 Parastatas
1728 5201 1825 5277 regat
1844 5209 1883 5255 ac
1909 5184 2095 5262 custodiat,

82 5288 214 5381 agendi
242 5290 287 5359 ad
317 5303 475 5381 posteros
503 5289 722 5381 depositum,
753 5314 825 5383 quo
855 5292 958 5362 nobis
981 5294 1054 5361 frui
1106 5307 1140 5363 et
1162 5294 1295 5363 tribuat
1315 5288 1371 5361 his
1385 5296 1488 5365 terris
1506 5293 1693 5363 salutarem
1718 5312 1837 5381 pacem
1856 5302 1889 5356 et
1906 5286 2094 5356 salutarem

82 5391 280 5464 onceditur.
340 5390 543 5507 Agnoscere
568 5414 650 5485 ergo
681 5385 768 5462 haec
792 5393 979 5480 beneficia,
1019 5409 1053 5467 ct
1105 5394 1408 5502 gubernationem
