<?xml version="1.0" encoding="UTF-8"?>
<!DOCTYPE html PUBLIC "-//W3C//DTD XHTML 1.0 Transitional//EN"
    "http://www.w3.org/TR/xhtml1/DTD/xhtml1-transitional.dtd">
<html xmlns="http://www.w3.org/1999/xhtml" xml:lang="en" lang="en">
 <head>
  <title>
</title>
<meta http-equiv="Content-Type" content="text/html;charset=utf-8" />
  <meta name='ocr-system' content='tesseract 3.04.00' />
  <meta name='ocr-capabilities' content='ocr_page ocr_carea ocr_par ocr_line ocrx_word'/>
</head>
<body>
  <div class='ocr_page' id='page_1' title='image "./corpusreformato02melagoog/corpusreformato02melagoog_0355.png"; bbox 0 0 4546 5760; ppageno 0'>
   <div class='ocr_carea' id='block_1_1' title="bbox 112 157 2153 295">
    <p class='ocr_par' dir='ltr' id='par_1_1' title="bbox 112 157 2153 295">
     <span class='ocr_line' id='line_1_1' title="bbox 112 157 2153 295; baseline -0.004 -29"><span class='ocrx_word' id='word_1_1' title='bbox 112 191 187 266; x_wconf 82' lang='lat' dir='ltr'>ast</span> <span class='ocrx_word' id='word_1_2' title='bbox 703 172 1126 273; x_wconf 78' lang='lat' dir='ltr'>Quaasrtonns</span> <span class='ocrx_word' id='word_1_3' title='bbox 1160 157 1560 295; x_wconf 56' lang='lat' dir='ltr'>acrosancta</span> <span class='ocrx_word' id='word_1_4' title='bbox 1908 176 1916 193; x_wconf 72' lang='grc'><em>’</em></span> <span class='ocrx_word' id='word_1_5' title='bbox 2060 178 2153 257; x_wconf 70' lang='grc' dir='ltr'>ιιι</span> 
     </span>
    </p>
   </div>
   <div class='ocr_carea' id='block_1_2' title="bbox 114 345 2179 5425">
    <p class='ocr_par' dir='ltr' id='par_1_2' title="bbox 114 345 2179 5425">
     <span class='ocr_line' id='line_1_2' title="bbox 116 345 2144 452; baseline -0.008 -21"><span class='ocrx_word' id='word_1_6' title='bbox 116 361 229 452; x_wconf 85' lang='lat' dir='ltr'>Quasi</span> <span class='ocrx_word' id='word_1_7' title='bbox 245 384 327 429; x_wconf 89' lang='lat' dir='ltr'>vero</span> <span class='ocrx_word' id='word_1_8' title='bbox 343 355 435 429; x_wconf 88' lang='lat' dir='ltr'>hanc</span> <span class='ocrx_word' id='word_1_9' title='bbox 449 379 558 426; x_wconf 90' lang='lat' dir='ltr'>unam</span> <span class='ocrx_word' id='word_1_10' title='bbox 571 355 618 425; x_wconf 90' lang='lat' dir='ltr'>oh</span> <span class='ocrx_word' id='word_1_11' title='bbox 630 374 770 422; x_wconf 88' lang='lat' dir='ltr'>causam</span> <span class='ocrx_word' id='word_1_12' title='bbox 781 367 1008 442; x_wconf 89' lang='lat' dir='ltr'>repurgatum</span> <span class='ocrx_word' id='word_1_13' title='bbox 1020 361 1108 423; x_wconf 88' lang='lat' dir='ltr'>esset</span> <span class='ocrx_word' id='word_1_14' title='bbox 1159 345 1225 420; x_wconf 92' lang='lat' dir='ltr'>No.</span> <span class='ocrx_word' id='word_1_15' title='bbox 1242 353 1279 424; x_wconf 74' lang='lat'>2.</span> <span class='ocrx_word' id='word_1_16' title='bbox 1944 357 2010 440; x_wconf 70' lang='lat' dir='ltr'>(en.</span> <span class='ocrx_word' id='word_1_17' title='bbox 2028 358 2144 439; x_wconf 52' lang='lat'>1532.)</span> 
     </span>
     <span class='ocr_line' id='line_1_3' title="bbox 115 448 2156 553; baseline -0.011 -18"><span class='ocrx_word' id='word_1_18' title='bbox 115 461 371 553; x_wconf 84' lang='lat' dir='ltr'>Evangelium,</span> <span class='ocrx_word' id='word_1_19' title='bbox 409 472 451 529; x_wconf 90' lang='lat' dir='ltr'>ut</span> <span class='ocrx_word' id='word_1_20' title='bbox 470 470 562 528; x_wconf 90' lang='lat' dir='ltr'>artes</span> <span class='ocrx_word' id='word_1_21' title='bbox 586 457 676 526; x_wconf 83' lang='lat' dir='ltr'>iusta</span> <span class='ocrx_word' id='word_1_22' title='bbox 698 453 915 544; x_wconf 79' lang='lat' dir='ltr'>possessione</span> <span class='ocrx_word' id='word_1_23' title='bbox 939 467 1108 524; x_wconf 82' lang='lat' dir='ltr'>moveret·</span> <span class='ocrx_word' id='word_1_24' title='bbox 1159 448 1289 472; x_wconf 53' lang='grc' dir='ltr'>Μ</span> <span class='ocrx_word' id='word_1_25' title='bbox 1938 449 2156 483; x_wconf 54' lang='grc' dir='ltr'><strong>Μ</strong></span> 
     </span>
     <span class='ocr_line' id='line_1_4' title="bbox 117 553 2169 656; baseline -0.003 -20"><span class='ocrx_word' id='word_1_26' title='bbox 117 563 223 636; x_wconf 87' lang='lat' dir='ltr'>Nunc</span> <span class='ocrx_word' id='word_1_27' title='bbox 237 587 293 634; x_wconf 88' lang='lat' dir='ltr'>res</span> <span class='ocrx_word' id='word_1_28' title='bbox 306 562 467 656; x_wconf 91' lang='lat' dir='ltr'>loquitur</span> <span class='ocrx_word' id='word_1_29' title='bbox 481 560 575 651; x_wconf 86' lang='lat' dir='ltr'>ipsa,</span> <span class='ocrx_word' id='word_1_30' title='bbox 601 553 787 644; x_wconf 77' lang='lat' dir='ltr'><strong>Evangelii</strong></span> <span class='ocrx_word' id='word_1_31' title='bbox 804 557 972 626; x_wconf 86' lang='lat' dir='ltr'>beneficio</span> <span class='ocrx_word' id='word_1_32' title='bbox 989 556 1108 646; x_wconf 88' lang='lat' dir='ltr'>digni-</span> <span class='ocrx_word' id='word_1_33' title='bbox 1228 563 1260 620; x_wconf 83' lang='lat' dir='ltr'>tn</span> <span class='ocrx_word' id='word_1_34' title='bbox 1276 564 1467 649; x_wconf 70' lang='lat' dir='ltr'>Qpaesttom</span> <span class='ocrx_word' id='word_1_35' title='bbox 1488 565 1524 620; x_wconf 81' lang='lat' dir='ltr'>od</span> <span class='ocrx_word' id='word_1_36' title='bbox 1538 565 1619 625; x_wconf 76' lang='grc' dir='ltr'><strong>Εικι.</strong></span> <span class='ocrx_word' id='word_1_37' title='bbox 1638 565 1759 640; x_wconf 69' lang='lat' dir='ltr'>pthq.</span> <span class='ocrx_word' id='word_1_38' title='bbox 1774 597 1811 614; x_wconf 91' lang='lat'>-</span> <span class='ocrx_word' id='word_1_39' title='bbox 1844 569 2033 643; x_wconf 74' lang='lat' dir='ltr'>apognpton</span> <span class='ocrx_word' id='word_1_40' title='bbox 2047 573 2078 627; x_wconf 81' lang='lat' dir='ltr'>ic</span> <span class='ocrx_word' id='word_1_41' title='bbox 2091 574 2169 630; x_wconf 67' lang='lat' dir='ltr'>cod·</span> 
     </span>
     <span class='ocr_line' id='line_1_5' title="bbox 118 635 1538 755; baseline -0.008 -18"><span class='ocrx_word' id='word_1_42' title='bbox 118 680 226 738; x_wconf 90' lang='lat' dir='ltr'>tatem</span> <span class='ocrx_word' id='word_1_43' title='bbox 249 665 378 736; x_wconf 90' lang='lat' dir='ltr'>artium</span> <span class='ocrx_word' id='word_1_44' title='bbox 400 662 575 755; x_wconf 88' lang='lat' dir='ltr'>patelieri,</span> <span class='ocrx_word' id='word_1_45' title='bbox 601 673 635 728; x_wconf 89' lang='lat' dir='ltr'>et</span> <span class='ocrx_word' id='word_1_46' title='bbox 658 656 791 747; x_wconf 87' lang='lat' dir='ltr'>augeri.</span> <span class='ocrx_word' id='word_1_47' title='bbox 844 657 886 726; x_wconf 90' lang='lat' dir='ltr'>ld</span> <span class='ocrx_word' id='word_1_48' title='bbox 909 683 1034 728; x_wconf 90' lang='lat' dir='ltr'>acuere</span> <span class='ocrx_word' id='word_1_49' title='bbox 1051 644 1110 726; x_wconf 61' lang='lat' dir='ltr'>in·⁸</span> <span class='ocrx_word' id='word_1_50' title='bbox 1259 635 1465 708; x_wconf 55' lang='lat' dir='ltr'>⁸⁸⁸¹L⁸⁹4³⁶¹</span> <span class='ocrx_word' id='word_1_51' title='bbox 1510 635 1538 692; x_wconf 60' lang='lat' dir='ltr'>b·</span> 
     </span>
     <span class='ocr_line' id='line_1_6' title="bbox 120 760 1109 847; baseline -0.01 -10"><span class='ocrx_word' id='word_1_52' title='bbox 120 768 294 839; x_wconf 89' lang='lat' dir='ltr'>dustriam</span> <span class='ocrx_word' id='word_1_53' title='bbox 313 762 520 847; x_wconf 92' lang='lat' dir='ltr'>hominum,</span> <span class='ocrx_word' id='word_1_54' title='bbox 545 776 580 832; x_wconf 91' lang='lat' dir='ltr'>et</span> <span class='ocrx_word' id='word_1_55' title='bbox 597 760 746 830; x_wconf 87' lang='lat' dir='ltr'>excitare</span> <span class='ocrx_word' id='word_1_56' title='bbox 763 761 805 828; x_wconf 88' lang='lat' dir='ltr'>ad</span> <span class='ocrx_word' id='word_1_57' title='bbox 824 761 1030 829; x_wconf 88' lang='lat' dir='ltr'>discendum</span> <span class='ocrx_word' id='word_1_58' title='bbox 1046 763 1109 828; x_wconf 88' lang='lat' dir='ltr'>de-</span> 
     </span>
     <span class='ocr_line' id='line_1_7' title="bbox 120 857 1110 953; baseline -0.011 -14"><span class='ocrx_word' id='word_1_59' title='bbox 120 872 237 941; x_wconf 88' lang='lat' dir='ltr'>bebat.</span> <span class='ocrx_word' id='word_1_60' title='bbox 280 863 380 953; x_wconf 82' lang='lat' dir='ltr'>Olim</span> <span class='ocrx_word' id='word_1_61' title='bbox 397 868 558 935; x_wconf 91' lang='lat' dir='ltr'>calebant</span> <span class='ocrx_word' id='word_1_62' title='bbox 571 865 701 930; x_wconf 89' lang='lat' dir='ltr'>mirum</span> <span class='ocrx_word' id='word_1_63' title='bbox 716 862 753 928; x_wconf 92' lang='lat' dir='ltr'>in</span> <span class='ocrx_word' id='word_1_64' title='bbox 773 864 917 932; x_wconf 87' lang='lat' dir='ltr'>modurn</span> <span class='ocrx_word' id='word_1_65' title='bbox 934 857 1019 931; x_wconf 92' lang='lat' dir='ltr'>haec</span> <span class='ocrx_word' id='word_1_66' title='bbox 1034 875 1110 932; x_wconf 90' lang='lat' dir='ltr'>stn-</span> 
     </span>
     <span class='ocr_line' id='line_1_8' title="bbox 121 962 1109 1058; baseline -0.006 -19"><span class='ocrx_word' id='word_1_67' title='bbox 121 972 201 1054; x_wconf 90' lang='lat' dir='ltr'>dia,</span> <span class='ocrx_word' id='word_1_68' title='bbox 234 993 315 1039; x_wconf 90' lang='lat' dir='ltr'>cum</span> <span class='ocrx_word' id='word_1_69' title='bbox 338 971 516 1045; x_wconf 81' lang='lat' dir='ltr'>deessent,</span> <span class='ocrx_word' id='word_1_70' title='bbox 549 964 612 1058; x_wconf 90' lang='lat' dir='ltr'>qui</span> <span class='ocrx_word' id='word_1_71' title='bbox 633 967 771 1035; x_wconf 89' lang='lat' dir='ltr'>tradere</span> <span class='ocrx_word' id='word_1_72' title='bbox 793 977 946 1054; x_wconf 86' lang='lat' dir='ltr'>possent.</span> <span class='ocrx_word' id='word_1_73' title='bbox 1004 962 1109 1033; x_wconf 90' lang='lat' dir='ltr'>Nunc</span> 
     </span>
     <span class='ocr_line' id='line_1_9' title="bbox 122 1045 2153 1161; baseline 0.002 -20"><span class='ocrx_word' id='word_1_74' title='bbox 122 1074 162 1142; x_wconf 91' lang='lat' dir='ltr'>in</span> <span class='ocrx_word' id='word_1_75' title='bbox 185 1071 334 1140; x_wconf 80' lang='lat' dir='ltr'>maxima</span> <span class='ocrx_word' id='word_1_76' title='bbox 358 1070 458 1161; x_wconf 91' lang='lat' dir='ltr'>copia</span> <span class='ocrx_word' id='word_1_77' title='bbox 482 1065 676 1137; x_wconf 83' lang='lat' dir='ltr'><strong>Doctorum</strong></span> <span class='ocrx_word' id='word_1_78' title='bbox 700 1066 936 1156; x_wconf 90' lang='lat' dir='ltr'>optimorum,</span> <span class='ocrx_word' id='word_1_79' title='bbox 967 1060 1109 1135; x_wconf 88' lang='lat' dir='ltr'>scholae</span> <span class='ocrx_word' id='word_1_80' title='bbox 1160 1045 1259 1134; x_wconf 75' lang='lat' dir='ltr'>Cum</span> <span class='ocrx_word' id='word_1_81' title='bbox 1272 1065 1416 1155; x_wconf 91' lang='lat' dir='ltr'>publica</span> <span class='ocrx_word' id='word_1_82' title='bbox 1431 1067 1651 1135; x_wconf 90' lang='lat' dir='ltr'>consuetudo</span> <span class='ocrx_word' id='word_1_83' title='bbox 1665 1061 1755 1135; x_wconf 91' lang='lat' dir='ltr'>mihi</span> <span class='ocrx_word' id='word_1_84' title='bbox 1772 1066 2013 1142; x_wconf 87' lang='lat' dir='ltr'>necessitatem</span> <span class='ocrx_word' id='word_1_85' title='bbox 2030 1071 2070 1143; x_wconf 91' lang='lat' dir='ltr'>in</span> <span class='ocrx_word' id='word_1_86' title='bbox 2084 1067 2153 1147; x_wconf 88' lang='lat' dir='ltr'>hoe</span> 
     </span>
     <span class='ocr_line' id='line_1_10' title="bbox 120 1163 2153 1267; baseline 0.001 -24"><span class='ocrx_word' id='word_1_87' title='bbox 120 1197 247 1267; x_wconf 86' lang='lat' dir='ltr'>parurn</span> <span class='ocrx_word' id='word_1_88' title='bbox 271 1173 472 1265; x_wconf 80' lang='lat' dir='ltr'>frequentes</span> <span class='ocrx_word' id='word_1_89' title='bbox 495 1182 589 1241; x_wconf 85' lang='lat' dir='ltr'>sunt.</span> <span class='ocrx_word' id='word_1_90' title='bbox 639 1163 687 1236; x_wconf 86' lang='lat' dir='ltr'>Et</span> <span class='ocrx_word' id='word_1_91' title='bbox 709 1190 790 1236; x_wconf 87' lang='lat' dir='ltr'>cum</span> <span class='ocrx_word' id='word_1_92' title='bbox 813 1180 915 1236; x_wconf 92' lang='lat' dir='ltr'>antea</span> <span class='ocrx_word' id='word_1_93' title='bbox 935 1169 1108 1238; x_wconf 89' lang='lat' dir='ltr'>obductae</span> <span class='ocrx_word' id='word_1_94' title='bbox 1160 1166 1385 1236; x_wconf 88' lang='lat' dir='ltr'>ornatissimo</span> <span class='ocrx_word' id='word_1_95' title='bbox 1414 1189 1579 1236; x_wconf 91' lang='lat' dir='ltr'>consessu</span> <span class='ocrx_word' id='word_1_96' title='bbox 1603 1167 1748 1237; x_wconf 91' lang='lat' dir='ltr'>dicendi</span> <span class='ocrx_word' id='word_1_97' title='bbox 1775 1168 1953 1260; x_wconf 89' lang='lat' dir='ltr'>imponat,</span> <span class='ocrx_word' id='word_1_98' title='bbox 1995 1197 2086 1265; x_wconf 90' lang='lat' dir='ltr'>rogo</span> <span class='ocrx_word' id='word_1_99' title='bbox 2107 1198 2153 1247; x_wconf 85' lang='lat' dir='ltr'>ne</span> 
     </span>
     <span class='ocr_line' id='line_1_11' title="bbox 123 1267 2153 1367; baseline 0.001 -22"><span class='ocrx_word' id='word_1_100' title='bbox 123 1277 194 1346; x_wconf 91' lang='lat' dir='ltr'>situ</span> <span class='ocrx_word' id='word_1_101' title='bbox 215 1290 248 1345; x_wconf 90' lang='lat' dir='ltr'>et</span> <span class='ocrx_word' id='word_1_102' title='bbox 271 1274 435 1367; x_wconf 76' lang='lat' dir='ltr'>squalore</span> <span class='ocrx_word' id='word_1_103' title='bbox 457 1270 627 1341; x_wconf 90' lang='lat' dir='ltr'>iacuerint</span> <span class='ocrx_word' id='word_1_104' title='bbox 649 1281 758 1353; x_wconf 90' lang='lat' dir='ltr'>artes,</span> <span class='ocrx_word' id='word_1_105' title='bbox 785 1291 882 1338; x_wconf 90' lang='lat' dir='ltr'>nunc</span> <span class='ocrx_word' id='word_1_106' title='bbox 901 1283 1110 1361; x_wconf 90' lang='lat' dir='ltr'>receperunt</span> <span class='ocrx_word' id='word_1_107' title='bbox 1160 1292 1218 1336; x_wconf 88' lang='lat' dir='ltr'>me</span> <span class='ocrx_word' id='word_1_108' title='bbox 1246 1269 1363 1359; x_wconf 91' lang='lat' dir='ltr'>potius</span> <span class='ocrx_word' id='word_1_109' title='bbox 1394 1267 1636 1359; x_wconf 91' lang='lat' dir='ltr'>impudentia,</span> <span class='ocrx_word' id='word_1_110' title='bbox 1669 1294 1775 1363; x_wconf 87' lang='lat' dir='ltr'>quam</span> <span class='ocrx_word' id='word_1_111' title='bbox 1807 1273 1923 1343; x_wconf 81' lang='lat' dir='ltr'>officio</span> <span class='ocrx_word' id='word_1_112' title='bbox 1956 1276 2153 1349; x_wconf 85' lang='lat' dir='ltr'>adductum</span> 
     </span>
     <span class='ocr_line' id='line_1_12' title="bbox 121 1366 2151 1467; baseline 0.001 -21"><span class='ocrx_word' id='word_1_113' title='bbox 121 1377 290 1448; x_wconf 82' lang='lat' dir='ltr'>nitorem.</span> <span class='ocrx_word' id='word_1_114' title='bbox 345 1371 537 1444; x_wconf 87' lang='lat' dir='ltr'>Dialectica</span> <span class='ocrx_word' id='word_1_115' title='bbox 561 1393 705 1462; x_wconf 87' lang='lat' dir='ltr'>prorsus</span> <span class='ocrx_word' id='word_1_116' title='bbox 728 1372 855 1441; x_wconf 91' lang='lat' dir='ltr'>obruta</span> <span class='ocrx_word' id='word_1_117' title='bbox 878 1384 952 1440; x_wconf 91' lang='lat' dir='ltr'>erat</span> <span class='ocrx_word' id='word_1_118' title='bbox 974 1371 1110 1463; x_wconf 85' lang='lat' dir='ltr'>calum·</span> <span class='ocrx_word' id='word_1_119' title='bbox 1155 1391 1233 1438; x_wconf 86' lang='lat' dir='ltr'>esse</span> <span class='ocrx_word' id='word_1_120' title='bbox 1254 1370 1480 1450; x_wconf 78' lang='lat' dir='ltr'>existimetis,</span> <span class='ocrx_word' id='word_1_121' title='bbox 1513 1384 1552 1442; x_wconf 90' lang='lat' dir='ltr'>ut</span> <span class='ocrx_word' id='word_1_122' title='bbox 1573 1366 1637 1441; x_wconf 88' lang='lat' dir='ltr'>has</span> <span class='ocrx_word' id='word_1_123' title='bbox 1660 1384 1774 1461; x_wconf 89' lang='lat' dir='ltr'>partes</span> <span class='ocrx_word' id='word_1_124' title='bbox 1796 1375 2022 1467; x_wconf 83' lang='lat' dir='ltr'>susciperem.</span> <span class='ocrx_word' id='word_1_125' title='bbox 2077 1376 2151 1448; x_wconf 86' lang='lat' dir='ltr'>Mi·</span> 
     </span>
     <span class='ocr_line' id='line_1_13' title="bbox 123 1467 2151 1571; baseline 0.001 -23"><span class='ocrx_word' id='word_1_126' title='bbox 123 1479 193 1548; x_wconf 91' lang='lat' dir='ltr'>niis</span> <span class='ocrx_word' id='word_1_127' title='bbox 209 1476 424 1570; x_wconf 90' lang='lat' dir='ltr'>quibusdam</span> <span class='ocrx_word' id='word_1_128' title='bbox 438 1471 705 1557; x_wconf 75' lang='lat' dir='ltr'>Grammaticis,</span> <span class='ocrx_word' id='word_1_129' title='bbox 732 1497 796 1542; x_wconf 92' lang='lat' dir='ltr'>nec</span> <span class='ocrx_word' id='word_1_130' title='bbox 815 1467 1052 1542; x_wconf 89' lang='lat' dir='ltr'>adhibebatur</span> <span class='ocrx_word' id='word_1_131' title='bbox 1064 1475 1109 1541; x_wconf 89' lang='lat' dir='ltr'>ad</span> <span class='ocrx_word' id='word_1_132' title='bbox 1161 1471 1258 1540; x_wconf 90' lang='lat' dir='ltr'>nime</span> <span class='ocrx_word' id='word_1_133' title='bbox 1288 1487 1405 1542; x_wconf 90' lang='lat' dir='ltr'>autem</span> <span class='ocrx_word' id='word_1_134' title='bbox 1433 1472 1533 1543; x_wconf 91' lang='lat' dir='ltr'>decet</span> <span class='ocrx_word' id='word_1_135' title='bbox 1552 1471 1792 1544; x_wconf 75' lang='lat' dir='ltr'>adolescentes</span> <span class='ocrx_word' id='word_1_136' title='bbox 1814 1477 2021 1563; x_wconf 76' lang='lat' dir='ltr'>garrulitas,</span> <span class='ocrx_word' id='word_1_137' title='bbox 2050 1504 2151 1571; x_wconf 87' lang='lat' dir='ltr'>prae-</span> 
     </span>
     <span class='ocr_line' id='line_1_14' title="bbox 123 1573 2151 1671; baseline 0.001 -22"><span class='ocrx_word' id='word_1_138' title='bbox 123 1605 199 1649; x_wconf 90' lang='lat' dir='ltr'>eam</span> <span class='ocrx_word' id='word_1_139' title='bbox 224 1580 341 1671; x_wconf 87' lang='lat' dir='ltr'>aliqua</span> <span class='ocrx_word' id='word_1_140' title='bbox 365 1576 507 1646; x_wconf 84' lang='lat' dir='ltr'>dicendi</span> <span class='ocrx_word' id='word_1_141' title='bbox 530 1575 751 1659; x_wconf 86' lang='lat' dir='ltr'>exercitatio,</span> <span class='ocrx_word' id='word_1_142' title='bbox 777 1575 853 1643; x_wconf 87' lang='lat' dir='ltr'>sine</span> <span class='ocrx_word' id='word_1_143' title='bbox 871 1599 941 1667; x_wconf 83' lang='lat' dir='ltr'>qua</span> <span class='ocrx_word' id='word_1_144' title='bbox 959 1575 1110 1664; x_wconf 82' lang='lat' dir='ltr'>intelligi</span> <span class='ocrx_word' id='word_1_145' title='bbox 1161 1573 1280 1643; x_wconf 86' lang='lat' dir='ltr'>sertim</span> <span class='ocrx_word' id='word_1_146' title='bbox 1305 1573 1335 1643; x_wconf 90' lang='lat' dir='ltr'>si</span> <span class='ocrx_word' id='word_1_147' title='bbox 1358 1573 1584 1644; x_wconf 85' lang='lat' dir='ltr'>audiantura</span> <span class='ocrx_word' id='word_1_148' title='bbox 1600 1588 1687 1646; x_wconf 87' lang='lat' dir='ltr'>nata</span> <span class='ocrx_word' id='word_1_149' title='bbox 1705 1576 1911 1646; x_wconf 85' lang='lat' dir='ltr'>maioribus.</span> <span class='ocrx_word' id='word_1_150' title='bbox 1961 1577 2086 1668; x_wconf 84' lang='lat' dir='ltr'>Quare</span> <span class='ocrx_word' id='word_1_151' title='bbox 2101 1582 2151 1652; x_wconf 84' lang='lat' dir='ltr'>el-</span> 
     </span>
     <span class='ocr_line' id='line_1_15' title="bbox 122 1673 2151 1775; baseline 0.001 -25"><span class='ocrx_word' id='word_1_152' title='bbox 122 1705 198 1751; x_wconf 90' lang='lat' dir='ltr'>non</span> <span class='ocrx_word' id='word_1_153' title='bbox 228 1691 351 1771; x_wconf 83' lang='lat' dir='ltr'>potest.</span> <span class='ocrx_word' id='word_1_154' title='bbox 402 1675 550 1771; x_wconf 88' lang='lat' dir='ltr'>Physica</span> <span class='ocrx_word' id='word_1_155' title='bbox 575 1677 698 1746; x_wconf 90' lang='lat' dir='ltr'>mutila</span> <span class='ocrx_word' id='word_1_156' title='bbox 722 1689 815 1761; x_wconf 90' lang='lat' dir='ltr'>erat,</span> <span class='ocrx_word' id='word_1_157' title='bbox 847 1677 992 1746; x_wconf 82' lang='lat' dir='ltr'>deerant</span> <span class='ocrx_word' id='word_1_158' title='bbox 1015 1677 1108 1746; x_wconf 89' lang='lat' dir='ltr'>euim</span> <span class='ocrx_word' id='word_1_159' title='bbox 1162 1673 1292 1756; x_wconf 86' lang='lat' dir='ltr'>liciam,</span> <span class='ocrx_word' id='word_1_160' title='bbox 1318 1699 1363 1743; x_wconf 93' lang='lat' dir='ltr'>ne</span> <span class='ocrx_word' id='word_1_161' title='bbox 1384 1677 1439 1743; x_wconf 91' lang='lat' dir='ltr'>vel</span> <span class='ocrx_word' id='word_1_162' title='bbox 1463 1699 1577 1744; x_wconf 90' lang='lat' dir='ltr'>mores</span> <span class='ocrx_word' id='word_1_163' title='bbox 1600 1701 1697 1744; x_wconf 91' lang='lat' dir='ltr'>meos</span> <span class='ocrx_word' id='word_1_164' title='bbox 1720 1678 1774 1746; x_wconf 87' lang='lat' dir='ltr'>vel</span> <span class='ocrx_word' id='word_1_165' title='bbox 1792 1681 1988 1749; x_wconf 88' lang='lat' dir='ltr'>orationem</span> <span class='ocrx_word' id='word_1_166' title='bbox 2005 1696 2151 1775; x_wconf 86' lang='lat' dir='ltr'>propter</span> 
     </span>
     <span class='ocr_line' id='line_1_16' title="bbox 123 1771 2149 1872; baseline 0.003 -21"><span class='ocrx_word' id='word_1_167' title='bbox 123 1776 367 1864; x_wconf 87' lang='lat' dir='ltr'>Mathemata,</span> <span class='ocrx_word' id='word_1_168' title='bbox 392 1802 433 1848; x_wconf 86' lang='lat' dir='ltr'>ex</span> <span class='ocrx_word' id='word_1_169' title='bbox 456 1778 586 1872; x_wconf 88' lang='lat' dir='ltr'>quibus</span> <span class='ocrx_word' id='word_1_170' title='bbox 601 1779 674 1847; x_wconf 90' lang='lat' dir='ltr'>fere</span> <span class='ocrx_word' id='word_1_171' title='bbox 689 1801 813 1846; x_wconf 91' lang='lat' dir='ltr'>omnes</span> <span class='ocrx_word' id='word_1_172' title='bbox 829 1777 867 1844; x_wconf 92' lang='lat' dir='ltr'>in</span> <span class='ocrx_word' id='word_1_173' title='bbox 882 1772 1032 1871; x_wconf 88' lang='lat' dir='ltr'>Physica</span> <span class='ocrx_word' id='word_1_174' title='bbox 1049 1779 1118 1846; x_wconf 84' lang='lat' dir='ltr'>sle-·</span> <span class='ocrx_word' id='word_1_175' title='bbox 1162 1776 1398 1866; x_wconf 86' lang='lat' dir='ltr'>prolixitatem</span> <span class='ocrx_word' id='word_1_176' title='bbox 1421 1771 1698 1869; x_wconf 90' lang='lat' dir='ltr'>reprehendatis.</span> <span class='ocrx_word' id='word_1_177' title='bbox 1752 1773 1798 1853; x_wconf 75' lang='lat' dir='ltr'>llt</span> <span class='ocrx_word' id='word_1_178' title='bbox 1819 1794 1857 1850; x_wconf 93' lang='lat' dir='ltr'>ut</span> <span class='ocrx_word' id='word_1_179' title='bbox 1879 1795 2030 1852; x_wconf 87' lang='lat' dir='ltr'>veterem</span> <span class='ocrx_word' id='word_1_180' title='bbox 2046 1781 2149 1857; x_wconf 90' lang='lat' dir='ltr'>scho-</span> 
     </span>
     <span class='ocr_line' id='line_1_17' title="bbox 123 1877 2148 1976; baseline 0.002 -24"><span class='ocrx_word' id='word_1_181' title='bbox 123 1884 398 1953; x_wconf 90' lang='lat' dir='ltr'>monstrationes</span> <span class='ocrx_word' id='word_1_182' title='bbox 419 1895 620 1950; x_wconf 89' lang='lat' dir='ltr'>sumuntur.</span> <span class='ocrx_word' id='word_1_183' title='bbox 673 1877 827 1948; x_wconf 88' lang='lat' dir='ltr'>Moralia</span> <span class='ocrx_word' id='word_1_184' title='bbox 852 1879 1054 1949; x_wconf 87' lang='lat' dir='ltr'>invaserant</span> <span class='ocrx_word' id='word_1_185' title='bbox 1071 1880 1108 1947; x_wconf 92' lang='lat' dir='ltr'>in</span> <span class='ocrx_word' id='word_1_186' title='bbox 1161 1879 1275 1946; x_wconf 88' lang='lat' dir='ltr'>larum</span> <span class='ocrx_word' id='word_1_187' title='bbox 1301 1902 1433 1947; x_wconf 91' lang='lat' dir='ltr'>morem</span> <span class='ocrx_word' id='word_1_188' title='bbox 1448 1901 1653 1970; x_wconf 88' lang='lat' dir='ltr'>sequamur,</span> <span class='ocrx_word' id='word_1_189' title='bbox 1678 1904 1874 1972; x_wconf 87' lang='lat' dir='ltr'>proponam</span> <span class='ocrx_word' id='word_1_190' title='bbox 1892 1883 2148 1976; x_wconf 83' lang='lat' dir='ltr'>quaestionem,</span> 
     </span>
     <span class='ocr_line' id='line_1_18' title="bbox 125 1970 2149 2083; baseline 0.003 -30"><span class='ocrx_word' id='word_1_191' title='bbox 125 1985 380 2076; x_wconf 90' lang='lat' dir='ltr'>possessionem</span> <span class='ocrx_word' id='word_1_192' title='bbox 403 1976 639 2070; x_wconf 87' lang='lat' dir='ltr'>Theologiae‚</span> <span class='ocrx_word' id='word_1_193' title='bbox 672 1980 720 2049; x_wconf 91' lang='lat' dir='ltr'>ita</span> <span class='ocrx_word' id='word_1_194' title='bbox 742 1993 782 2050; x_wconf 92' lang='lat' dir='ltr'>ut</span> <span class='ocrx_word' id='word_1_195' title='bbox 806 1994 878 2051; x_wconf 89' lang='lat' dir='ltr'>tota</span> <span class='ocrx_word' id='word_1_196' title='bbox 901 1981 992 2050; x_wconf 88' lang='lat' dir='ltr'>ratio</span> <span class='ocrx_word' id='word_1_197' title='bbox 1018 1970 1110 2050; x_wconf 76' lang='lat' dir='ltr'>vitae</span> <span class='ocrx_word' id='word_1_198' title='bbox 1161 2003 1250 2083; x_wconf 80' lang='lat' dir='ltr'>quac</span> <span class='ocrx_word' id='word_1_199' title='bbox 1262 2004 1335 2048; x_wconf 92' lang='lat' dir='ltr'>non</span> <span class='ocrx_word' id='word_1_200' title='bbox 1347 1993 1418 2050; x_wconf 89' lang='lat' dir='ltr'>tam</span> <span class='ocrx_word' id='word_1_201' title='bbox 1430 1974 2029 2073; x_wconf 89' lang='lat' dir='ltr'>habetdillicilemdisputationem,</span> <span class='ocrx_word' id='word_1_202' title='bbox 2045 2012 2149 2083; x_wconf 86' lang='lat' dir='ltr'>quatu</span> 
     </span>
     <span class='ocr_line' id='line_1_19' title="bbox 123 2076 2150 2181; baseline 0.004 -27"><span class='ocrx_word' id='word_1_203' title='bbox 123 2082 346 2154; x_wconf 82' lang='lat' dir='ltr'>Christianae</span> <span class='ocrx_word' id='word_1_204' title='bbox 374 2082 485 2172; x_wconf 88' lang='lat' dir='ltr'>magis</span> <span class='ocrx_word' id='word_1_205' title='bbox 513 2083 583 2151; x_wconf 88' lang='lat' dir='ltr'>iam</span> <span class='ocrx_word' id='word_1_206' title='bbox 607 2106 626 2150; x_wconf 88' lang='lat' dir='ltr'>a</span> <span class='ocrx_word' id='word_1_207' title='bbox 649 2076 901 2173; x_wconf 82' lang='lat' dir='ltr'>Philosophia,</span> <span class='ocrx_word' id='word_1_208' title='bbox 934 2106 1041 2175; x_wconf 89' lang='lat' dir='ltr'>quam</span> <span class='ocrx_word' id='word_1_209' title='bbox 1065 2085 1110 2150; x_wconf 88' lang='lat' dir='ltr'>ab</span> <span class='ocrx_word' id='word_1_210' title='bbox 1160 2082 1358 2171; x_wconf 84' lang='lat' dir='ltr'>exemplum</span> <span class='ocrx_word' id='word_1_211' title='bbox 1379 2081 1478 2154; x_wconf 80' lang='lat' dir='ltr'>utile.</span> <span class='ocrx_word' id='word_1_212' title='bbox 1530 2079 1680 2176; x_wconf 86' lang='lat' dir='ltr'>Zoylum</span> <span class='ocrx_word' id='word_1_213' title='bbox 1702 2083 1820 2169; x_wconf 89' lang='lat' dir='ltr'>aiunt,</span> <span class='ocrx_word' id='word_1_214' title='bbox 1853 2109 1933 2155; x_wconf 90' lang='lat' dir='ltr'>cum</span> <span class='ocrx_word' id='word_1_215' title='bbox 1956 2089 2150 2181; x_wconf 83' lang='lat' dir='ltr'>scripsisset</span> 
     </span>
     <span class='ocr_line' id='line_1_20' title="bbox 123 2179 2149 2276; baseline 0.004 -21"><span class='ocrx_word' id='word_1_216' title='bbox 123 2183 320 2275; x_wconf 81' lang='lat' dir='ltr'>Evangelio</span> <span class='ocrx_word' id='word_1_217' title='bbox 350 2197 539 2274; x_wconf 87' lang='lat' dir='ltr'>peteretur.</span> <span class='ocrx_word' id='word_1_218' title='bbox 589 2180 641 2251; x_wconf 90' lang='lat' dir='ltr'>lta</span> <span class='ocrx_word' id='word_1_219' title='bbox 672 2197 766 2254; x_wconf 91' lang='lat' dir='ltr'>totus</span> <span class='ocrx_word' id='word_1_220' title='bbox 797 2179 926 2253; x_wconf 88' lang='lat' dir='ltr'>chorus</span> <span class='ocrx_word' id='word_1_221' title='bbox 951 2182 1111 2276; x_wconf 88' lang='lat' dir='ltr'>discipli·</span> <span class='ocrx_word' id='word_1_222' title='bbox 1161 2181 1351 2252; x_wconf 88' lang='lat' dir='ltr'>maledicos</span> <span class='ocrx_word' id='word_1_223' title='bbox 1375 2183 1485 2251; x_wconf 88' lang='lat' dir='ltr'>libros</span> <span class='ocrx_word' id='word_1_224' title='bbox 1508 2184 1676 2253; x_wconf 91' lang='lat' dir='ltr'>adversus</span> <span class='ocrx_word' id='word_1_225' title='bbox 1697 2182 1914 2273; x_wconf 88' lang='lat' dir='ltr'>Homerum,</span> <span class='ocrx_word' id='word_1_226' title='bbox 1939 2188 2077 2264; x_wconf 91' lang='lat' dir='ltr'>iudicio</span> <span class='ocrx_word' id='word_1_227' title='bbox 2097 2205 2149 2264; x_wconf 89' lang='lat' dir='ltr'>to·</span> 
     </span>
     <span class='ocr_line' id='line_1_21' title="bbox 124 2279 2147 2384; baseline 0.002 -27"><span class='ocrx_word' id='word_1_228' title='bbox 124 2312 252 2357; x_wconf 89' lang='lat' dir='ltr'>narum</span> <span class='ocrx_word' id='word_1_229' title='bbox 278 2288 445 2356; x_wconf 80' lang='lat' dir='ltr'>confusus</span> <span class='ocrx_word' id='word_1_230' title='bbox 466 2299 501 2355; x_wconf 88' lang='lat' dir='ltr'>et</span> <span class='ocrx_word' id='word_1_231' title='bbox 516 2286 739 2375; x_wconf 90' lang='lat' dir='ltr'>perturbatus</span> <span class='ocrx_word' id='word_1_232' title='bbox 755 2298 843 2356; x_wconf 83' lang='lat' dir='ltr'>erat.</span> <span class='ocrx_word' id='word_1_233' title='bbox 893 2284 998 2355; x_wconf 86' lang='lat' dir='ltr'>Nunc</span> <span class='ocrx_word' id='word_1_234' title='bbox 1015 2300 1109 2377; x_wconf 90' lang='lat' dir='ltr'>post·</span> <span class='ocrx_word' id='word_1_235' title='bbox 1161 2285 1230 2353; x_wconf 92' lang='lat' dir='ltr'>tius</span> <span class='ocrx_word' id='word_1_236' title='bbox 1253 2281 1421 2354; x_wconf 86' lang='lat' dir='ltr'>Graeciae</span> <span class='ocrx_word' id='word_1_237' title='bbox 1445 2285 1486 2352; x_wconf 85' lang='lat' dir='ltr'>in&#39;</span> <span class='ocrx_word' id='word_1_238' title='bbox 1502 2279 1681 2378; x_wconf 86' lang='lat' dir='ltr'>Olympiis</span> <span class='ocrx_word' id='word_1_239' title='bbox 1706 2288 1749 2355; x_wconf 90' lang='lat' dir='ltr'>de</span> <span class='ocrx_word' id='word_1_240' title='bbox 1772 2309 1854 2359; x_wconf 86' lang='lat' dir='ltr'>saxo</span> <span class='ocrx_word' id='word_1_241' title='bbox 1879 2290 2147 2384; x_wconf 89' lang='lat' dir='ltr'>praecipitatum</span> 
     </span>
     <span class='ocr_line' id='line_1_22' title="bbox 124 2381 2149 2483; baseline 0.005 -25"><span class='ocrx_word' id='word_1_242' title='bbox 124 2414 232 2483; x_wconf 81' lang='lat' dir='ltr'>qstam</span> <span class='ocrx_word' id='word_1_243' title='bbox 253 2391 459 2457; x_wconf 74' lang='lat' dir='ltr'>entersdatae</span> <span class='ocrx_word' id='word_1_244' title='bbox 481 2401 581 2468; x_wconf 90' lang='lat' dir='ltr'>sunt,</span> <span class='ocrx_word' id='word_1_245' title='bbox 614 2399 648 2455; x_wconf 89' lang='lat' dir='ltr'>et</span> <span class='ocrx_word' id='word_1_246' title='bbox 671 2410 734 2455; x_wconf 92' lang='lat' dir='ltr'>suo</span> <span class='ocrx_word' id='word_1_247' title='bbox 757 2410 916 2481; x_wconf 81' lang='lat' dir='ltr'>quaeque</span> <span class='ocrx_word' id='word_1_248' title='bbox 940 2388 1109 2479; x_wconf 89' lang='lat' dir='ltr'>disposita</span> <span class='ocrx_word' id='word_1_249' title='bbox 1161 2409 1245 2454; x_wconf 85' lang='lat' dir='ltr'>esse.</span> <span class='ocrx_word' id='word_1_250' title='bbox 1296 2381 1370 2455; x_wconf 88' lang='lat' dir='ltr'>Alii</span> <span class='ocrx_word' id='word_1_251' title='bbox 1397 2399 1547 2457; x_wconf 74' lang='lat' dir='ltr'>narratu</span> <span class='ocrx_word' id='word_1_252' title='bbox 1576 2387 1615 2456; x_wconf 88' lang='lat' dir='ltr'>in</span> <span class='ocrx_word' id='word_1_253' title='bbox 1639 2411 1779 2458; x_wconf 89' lang='lat' dir='ltr'>crucem</span> <span class='ocrx_word' id='word_1_254' title='bbox 1805 2402 1921 2460; x_wconf 88' lang='lat' dir='ltr'>actum</span> <span class='ocrx_word' id='word_1_255' title='bbox 1949 2416 2036 2468; x_wconf 86' lang='lat' dir='ltr'>esse.</span> <span class='ocrx_word' id='word_1_256' title='bbox 2087 2391 2149 2468; x_wconf 71' lang='lat' dir='ltr'>Est</span> 
     </span>
     <span class='ocr_line' id='line_1_23' title="bbox 123 2483 2148 2592; baseline 0.004 -32"><span class='ocrx_word' id='word_1_257' title='bbox 123 2493 221 2575; x_wconf 84' lang='lat' dir='ltr'>loco,</span> <span class='ocrx_word' id='word_1_258' title='bbox 247 2492 308 2559; x_wconf 92' lang='lat' dir='ltr'>ille</span> <span class='ocrx_word' id='word_1_259' title='bbox 319 2491 427 2558; x_wconf 89' lang='lat' dir='ltr'>ardor</span> <span class='ocrx_word' id='word_1_260' title='bbox 439 2490 655 2568; x_wconf 87' lang='lat' dir='ltr'>studiorum,</span> <span class='ocrx_word' id='word_1_261' title='bbox 680 2488 1028 2580; x_wconf 81' lang='lat' dir='ltr'>quiquondastefuit,</span> <span class='ocrx_word' id='word_1_262' title='bbox 1054 2512 1110 2558; x_wconf 86' lang='lat' dir='ltr'>re·</span> <span class='ocrx_word' id='word_1_263' title='bbox 1162 2488 1270 2575; x_wconf 80' lang='lat' dir='ltr'>igitur</span> <span class='ocrx_word' id='word_1_264' title='bbox 1284 2485 1470 2577; x_wconf 87' lang='lat' dir='ltr'>Quaestio:</span> <span class='ocrx_word' id='word_1_265' title='bbox 1498 2483 1587 2557; x_wconf 82' lang='lat' dir='ltr'>Iure</span> <span class='ocrx_word' id='word_1_266' title='bbox 1606 2510 1650 2556; x_wconf 84' lang='lat' dir='ltr'>ne</span> <span class='ocrx_word' id='word_1_267' title='bbox 1662 2486 1846 2586; x_wconf 79' lang='lat' dir='ltr'>supplicio</span> <span class='ocrx_word' id='word_1_268' title='bbox 1860 2491 2022 2590; x_wconf 79' lang='lat' dir='ltr'>capitali</span> <span class='ocrx_word' id='word_1_269' title='bbox 2029 2549 2041 2580; x_wconf 94' lang='lat'>,</span> <span class='ocrx_word' id='word_1_270' title='bbox 2065 2519 2148 2592; x_wconf 87' lang='lat' dir='ltr'>pro·</span> 
     </span>
     <span class='ocr_line' id='line_1_24' title="bbox 124 2583 2147 2690; baseline -0.001 -29"><span class='ocrx_word' id='word_1_271' title='bbox 124 2592 274 2661; x_wconf 88' lang='lat' dir='ltr'>stinctus</span> <span class='ocrx_word' id='word_1_272' title='bbox 290 2607 351 2662; x_wconf 92' lang='lat' dir='ltr'>est.</span> <span class='ocrx_word' id='word_1_273' title='bbox 396 2589 468 2659; x_wconf 89' lang='lat' dir='ltr'>Nec</span> <span class='ocrx_word' id='word_1_274' title='bbox 484 2614 584 2659; x_wconf 89' lang='lat' dir='ltr'>eausa</span> <span class='ocrx_word' id='word_1_275' title='bbox 602 2590 748 2671; x_wconf 79' lang='lat' dir='ltr'>estatis,</span> <span class='ocrx_word' id='word_1_276' title='bbox 775 2590 1013 2672; x_wconf 85' lang='lat' dir='ltr'>meoiudicio,</span> <span class='ocrx_word' id='word_1_277' title='bbox 1038 2590 1109 2659; x_wconf 92' lang='lat' dir='ltr'>nisi</span> <span class='ocrx_word' id='word_1_278' title='bbox 1157 2596 1239 2685; x_wconf 85' lang='lat' dir='ltr'>pter</span> <span class='ocrx_word' id='word_1_279' title='bbox 1253 2586 1434 2669; x_wconf 80' lang='lat' dir='ltr'>convicia,</span> <span class='ocrx_word' id='word_1_280' title='bbox 1462 2584 1609 2682; x_wconf 83' lang='lat' dir='ltr'>Zoylos</span> <span class='ocrx_word' id='word_1_281' title='bbox 1626 2583 1781 2690; x_wconf 80' lang='lat' dir='ltr'>affectus</span> <span class='ocrx_word' id='word_1_282' title='bbox 1795 2589 1875 2661; x_wconf 84' lang='lat' dir='ltr'>sit?</span> <span class='ocrx_word' id='word_1_283' title='bbox 1922 2591 2147 2689; x_wconf 75' lang='lat' dir='ltr'>Acprtmum</span> 
     </span>
     <span class='ocr_line' id='line_1_25' title="bbox 125 2686 2145 2788; baseline 0.005 -28"><span class='ocrx_word' id='word_1_284' title='bbox 125 2696 221 2787; x_wconf 84' lang='lat' dir='ltr'>quod</span> <span class='ocrx_word' id='word_1_285' title='bbox 249 2694 300 2761; x_wconf 87' lang='lat' dir='ltr'>sic</span> <span class='ocrx_word' id='word_1_286' title='bbox 328 2706 378 2762; x_wconf 89' lang='lat' dir='ltr'>est</span> <span class='ocrx_word' id='word_1_287' title='bbox 401 2707 526 2761; x_wconf 91' lang='lat' dir='ltr'>natura</span> <span class='ocrx_word' id='word_1_288' title='bbox 553 2686 761 2774; x_wconf 85' lang='lat' dir='ltr'>hominum,</span> <span class='ocrx_word' id='word_1_289' title='bbox 795 2693 988 2781; x_wconf 88' lang='lat' dir='ltr'>praesentia</span> <span class='ocrx_word' id='word_1_290' title='bbox 1015 2692 1108 2761; x_wconf 87' lang='lat' dir='ltr'>hona</span> <span class='ocrx_word' id='word_1_291' title='bbox 1161 2687 1246 2761; x_wconf 86' lang='lat' dir='ltr'>haec</span> <span class='ocrx_word' id='word_1_292' title='bbox 1268 2692 1440 2760; x_wconf 85' lang='lat' dir='ltr'>acerbitas</span> <span class='ocrx_word' id='word_1_293' title='bbox 1461 2692 1584 2777; x_wconf 53' lang='lat' dir='ltr'>videri,</span> <span class='ocrx_word' id='word_1_294' title='bbox 1598 2705 1711 2782; x_wconf 90' lang='lat' dir='ltr'>potest</span> <span class='ocrx_word' id='word_1_295' title='bbox 1731 2692 1875 2766; x_wconf 88' lang='lat' dir='ltr'>iniusta.</span> <span class='ocrx_word' id='word_1_296' title='bbox 1924 2695 2040 2788; x_wconf 80' lang='lat' dir='ltr'>Leges</span> <span class='ocrx_word' id='word_1_297' title='bbox 2054 2701 2145 2770; x_wconf 87' lang='lat' dir='ltr'>enim</span> 
     </span>
     <span class='ocr_line' id='line_1_26' title="bbox 124 2789 2147 2891; baseline 0.005 -27"><span class='ocrx_word' id='word_1_298' title='bbox 124 2796 214 2864; x_wconf 89' lang='lat' dir='ltr'>solet</span> <span class='ocrx_word' id='word_1_299' title='bbox 236 2795 404 2864; x_wconf 82' lang='lat' dir='ltr'>fastidire.</span> <span class='ocrx_word' id='word_1_300' title='bbox 456 2793 526 2863; x_wconf 90' lang='lat' dir='ltr'>Sed</span> <span class='ocrx_word' id='word_1_301' title='bbox 550 2792 578 2859; x_wconf 93' lang='lat' dir='ltr'>si</span> <span class='ocrx_word' id='word_1_302' title='bbox 603 2791 692 2879; x_wconf 85' lang='lat' dir='ltr'>grati</span> <span class='ocrx_word' id='word_1_303' title='bbox 707 2789 783 2860; x_wconf 85' lang='lat' dir='ltr'>Deo</span> <span class='ocrx_word' id='word_1_304' title='bbox 806 2793 917 2861; x_wconf 86' lang='lat' dir='ltr'>videri</span> <span class='ocrx_word' id='word_1_305' title='bbox 935 2795 1109 2884; x_wconf 90' lang='lat' dir='ltr'>cupimus,</span> <span class='ocrx_word' id='word_1_306' title='bbox 1162 2818 1233 2863; x_wconf 91' lang='lat' dir='ltr'>non</span> <span class='ocrx_word' id='word_1_307' title='bbox 1252 2792 1408 2882; x_wconf 86' lang='lat' dir='ltr'>puniunt</span> <span class='ocrx_word' id='word_1_308' title='bbox 1424 2793 1603 2872; x_wconf 86' lang='lat' dir='ltr'>convicia,</span> <span class='ocrx_word' id='word_1_309' title='bbox 1629 2793 1666 2863; x_wconf 92' lang='lat' dir='ltr'>in</span> <span class='ocrx_word' id='word_1_310' title='bbox 1682 2818 1783 2885; x_wconf 90' lang='lat' dir='ltr'>pares</span> <span class='ocrx_word' id='word_1_311' title='bbox 1798 2795 1912 2884; x_wconf 91' lang='lat' dir='ltr'>dicta,</span> <span class='ocrx_word' id='word_1_312' title='bbox 1937 2801 2147 2891; x_wconf 79' lang='lat' dir='ltr'>capitalibus</span> 
     </span>
     <span class='ocr_line' id='line_1_27' title="bbox 125 2891 2146 2990; baseline 0.003 -23"><span class='ocrx_word' id='word_1_313' title='bbox 125 2920 244 2988; x_wconf 85' lang='lat' dir='ltr'>aquo</span> <span class='ocrx_word' id='word_1_314' title='bbox 277 2891 364 2965; x_wconf 83' lang='lat' dir='ltr'>haec</span> <span class='ocrx_word' id='word_1_315' title='bbox 393 2894 550 2982; x_wconf 83' lang='lat' dir='ltr'>ingentia</span> <span class='ocrx_word' id='word_1_316' title='bbox 578 2893 672 2961; x_wconf 87' lang='lat' dir='ltr'>bona</span> <span class='ocrx_word' id='word_1_317' title='bbox 703 2895 745 2961; x_wconf 90' lang='lat' dir='ltr'>ad</span> <span class='ocrx_word' id='word_1_318' title='bbox 773 2918 837 2962; x_wconf 80' lang='lat' dir='ltr'>scos</span> <span class='ocrx_word' id='word_1_319' title='bbox 860 2909 1110 2985; x_wconf 86' lang='lat' dir='ltr'>pervenerunt,</span> <span class='ocrx_word' id='word_1_320' title='bbox 1161 2894 1295 2985; x_wconf 90' lang='lat' dir='ltr'>poenis.</span> <span class='ocrx_word' id='word_1_321' title='bbox 1344 2891 1435 2962; x_wconf 89' lang='lat' dir='ltr'>Cum</span> <span class='ocrx_word' id='word_1_322' title='bbox 1459 2895 1553 2962; x_wconf 91' lang='lat' dir='ltr'>enim</span> <span class='ocrx_word' id='word_1_323' title='bbox 1578 2896 1703 2964; x_wconf 91' lang='lat' dir='ltr'>debeat</span> <span class='ocrx_word' id='word_1_324' title='bbox 1724 2918 1797 2965; x_wconf 88' lang='lat' dir='ltr'>esse</span> <span class='ocrx_word' id='word_1_325' title='bbox 1819 2902 2003 2990; x_wconf 83' lang='lat' dir='ltr'>proportio</span> <span class='ocrx_word' id='word_1_326' title='bbox 2023 2898 2146 2975; x_wconf 80' lang='lat' dir='ltr'>Arith-</span> 
     </span>
     <span class='ocr_line' id='line_1_28' title="bbox 123 2995 2146 3090; baseline 0.004 -24"><span class='ocrx_word' id='word_1_327' title='bbox 123 2998 281 3090; x_wconf 87' lang='lat' dir='ltr'>profecto</span> <span class='ocrx_word' id='word_1_328' title='bbox 305 2998 421 3066; x_wconf 87' lang='lat' dir='ltr'>danda</span> <span class='ocrx_word' id='word_1_329' title='bbox 441 3010 493 3066; x_wconf 87' lang='lat' dir='ltr'>est</span> <span class='ocrx_word' id='word_1_330' title='bbox 513 3020 638 3087; x_wconf 86' lang='lat' dir='ltr'>opera,</span> <span class='ocrx_word' id='word_1_331' title='bbox 661 3019 707 3063; x_wconf 90' lang='lat' dir='ltr'>ne</span> <span class='ocrx_word' id='word_1_332' title='bbox 722 3019 760 3063; x_wconf 92' lang='lat' dir='ltr'>ea</span> <span class='ocrx_word' id='word_1_333' title='bbox 778 2998 1040 3087; x_wconf 81' lang='lat' dir='ltr'>comtempsisse</span> <span class='ocrx_word' id='word_1_334' title='bbox 1055 2999 1110 3066; x_wconf 86' lang='lat' dir='ltr'>vi·</span> <span class='ocrx_word' id='word_1_335' title='bbox 1153 2997 1284 3064; x_wconf 89' lang='lat' dir='ltr'>metica</span> <span class='ocrx_word' id='word_1_336' title='bbox 1313 2995 1434 3062; x_wconf 90' lang='lat' dir='ltr'>damni</span> <span class='ocrx_word' id='word_1_337' title='bbox 1459 3007 1493 3065; x_wconf 90' lang='lat' dir='ltr'>et</span> <span class='ocrx_word' id='word_1_338' title='bbox 1515 3019 1668 3086; x_wconf 84' lang='lat' dir='ltr'>poenae,</span> <span class='ocrx_word' id='word_1_339' title='bbox 1688 3004 1773 3066; x_wconf 90' lang='lat' dir='ltr'>&#39;nec</span> <span class='ocrx_word' id='word_1_340' title='bbox 1794 3000 1953 3070; x_wconf 79' lang='lat' dir='ltr'>convicia</span> <span class='ocrx_word' id='word_1_341' title='bbox 1978 3004 2146 3075; x_wconf 87' lang='lat' dir='ltr'>damnum</span> 
     </span>
     <span class='ocr_line' id='line_1_29' title="bbox 124 3095 2147 3188; baseline 0.005 -19"><span class='ocrx_word' id='word_1_342' title='bbox 124 3101 283 3169; x_wconf 87' lang='lat' dir='ltr'>deamur.</span> <span class='ocrx_word' id='word_1_343' title='bbox 335 3097 519 3186; x_wconf 85' lang='lat' dir='ltr'>Quaedam</span> <span class='ocrx_word' id='word_1_344' title='bbox 541 3097 680 3188; x_wconf 88' lang='lat' dir='ltr'>pietatis</span> <span class='ocrx_word' id='word_1_345' title='bbox 702 3120 783 3186; x_wconf 88' lang='lat' dir='ltr'>pars</span> <span class='ocrx_word' id='word_1_346' title='bbox 802 3097 888 3177; x_wconf 91' lang='lat' dir='ltr'>erit,</span> <span class='ocrx_word' id='word_1_347' title='bbox 922 3121 1108 3186; x_wconf 89' lang='lat' dir='ltr'>agnoscere</span> <span class='ocrx_word' id='word_1_348' title='bbox 1160 3097 1252 3167; x_wconf 82' lang='lat' dir='ltr'>vitae</span> <span class='ocrx_word' id='word_1_349' title='bbox 1282 3095 1449 3182; x_wconf 79' lang='lat' dir='ltr'>afferant,</span> <span class='ocrx_word' id='word_1_350' title='bbox 1482 3120 1597 3188; x_wconf 89' lang='lat' dir='ltr'>poena</span> <span class='ocrx_word' id='word_1_351' title='bbox 1625 3099 1731 3169; x_wconf 86' lang='lat' dir='ltr'>etiam</span> <span class='ocrx_word' id='word_1_352' title='bbox 1763 3123 1837 3170; x_wconf 93' lang='lat' dir='ltr'>non</span> <span class='ocrx_word' id='word_1_353' title='bbox 1866 3103 1972 3174; x_wconf 90' lang='lat' dir='ltr'>debet</span> <span class='ocrx_word' id='word_1_354' title='bbox 1996 3129 2074 3178; x_wconf 83' lang='lat' dir='ltr'>esse</span> <span class='ocrx_word' id='word_1_355' title='bbox 2094 3130 2147 3178; x_wconf 87' lang='lat' dir='ltr'>ca-</span> 
     </span>
     <span class='ocr_line' id='line_1_30' title="bbox 125 3198 2160 3291; baseline 0.001 -21"><span class='ocrx_word' id='word_1_356' title='bbox 125 3200 288 3270; x_wconf 87' lang='lat' dir='ltr'>coelestia</span> <span class='ocrx_word' id='word_1_357' title='bbox 309 3222 474 3281; x_wconf 90' lang='lat' dir='ltr'>munera,</span> <span class='ocrx_word' id='word_1_358' title='bbox 498 3221 608 3291; x_wconf 85' lang='lat' dir='ltr'>eaque</span> <span class='ocrx_word' id='word_1_359' title='bbox 628 3211 704 3267; x_wconf 89' lang='lat' dir='ltr'>tom</span> <span class='ocrx_word' id='word_1_360' title='bbox 726 3198 904 3282; x_wconf 87' lang='lat' dir='ltr'>excolere,</span> <span class='ocrx_word' id='word_1_361' title='bbox 928 3214 1004 3269; x_wconf 88' lang='lat' dir='ltr'>tum</span> <span class='ocrx_word' id='word_1_362' title='bbox 1022 3224 1108 3269; x_wconf 89' lang='lat' dir='ltr'>con·</span> <span class='ocrx_word' id='word_1_363' title='bbox 1160 3198 1290 3291; x_wconf 81' lang='lat' dir='ltr'>pitalis.</span> <span class='ocrx_word' id='word_1_364' title='bbox 2153 3224 2160 3241; x_wconf 93' lang='lat'>·</span> 
     </span>
     <span class='ocr_line' id='line_1_31' title="bbox 125 3295 2145 3395; baseline 0.002 -22"><span class='ocrx_word' id='word_1_365' title='bbox 125 3324 276 3373; x_wconf 77' lang='lat' dir='ltr'>servare.</span> <span class='ocrx_word' id='word_1_366' title='bbox 332 3296 450 3395; x_wconf 84' lang='lat' dir='ltr'>Atque</span> <span class='ocrx_word' id='word_1_367' title='bbox 474 3295 542 3369; x_wconf 90' lang='lat' dir='ltr'>hoc</span> <span class='ocrx_word' id='word_1_368' title='bbox 564 3322 638 3367; x_wconf 90' lang='lat' dir='ltr'>non</span> <span class='ocrx_word' id='word_1_369' title='bbox 658 3302 766 3369; x_wconf 92' lang='lat' dir='ltr'>modo</span> <span class='ocrx_word' id='word_1_370' title='bbox 789 3313 908 3370; x_wconf 92' lang='lat' dir='ltr'>nostra</span> <span class='ocrx_word' id='word_1_371' title='bbox 931 3324 1033 3370; x_wconf 90' lang='lat' dir='ltr'>causa</span> <span class='ocrx_word' id='word_1_372' title='bbox 1055 3305 1109 3371; x_wconf 78' lang='lat' dir='ltr'>fa·</span> <span class='ocrx_word' id='word_1_373' title='bbox 1260 3297 1399 3370; x_wconf 84' lang='lat' dir='ltr'>Deinde</span> <span class='ocrx_word' id='word_1_374' title='bbox 1413 3298 1620 3370; x_wconf 84' lang='lat' dir='ltr'>ncininriae</span> <span class='ocrx_word' id='word_1_375' title='bbox 1631 3301 1775 3394; x_wconf 88' lang='lat' dir='ltr'>quidem</span> <span class='ocrx_word' id='word_1_376' title='bbox 1786 3304 2049 3395; x_wconf 83' lang='lat' dir='ltr'>existimantur,</span> <span class='ocrx_word' id='word_1_377' title='bbox 2070 3332 2145 3381; x_wconf 90' lang='lat' dir='ltr'>cum</span> 
     </span>
     <span class='ocr_line' id='line_1_32' title="bbox 125 3395 2146 3495; baseline 0.004 -24"><span class='ocrx_word' id='word_1_378' title='bbox 125 3404 290 3471; x_wconf 85' lang='lat' dir='ltr'>ciendum</span> <span class='ocrx_word' id='word_1_379' title='bbox 305 3415 367 3487; x_wconf 90' lang='lat' dir='ltr'>est,</span> <span class='ocrx_word' id='word_1_380' title='bbox 392 3404 452 3471; x_wconf 92' lang='lat' dir='ltr'>sed</span> <span class='ocrx_word' id='word_1_381' title='bbox 469 3401 638 3471; x_wconf 88' lang='lat' dir='ltr'>debemus</span> <span class='ocrx_word' id='word_1_382' title='bbox 654 3395 746 3470; x_wconf 89' lang='lat' dir='ltr'>hanc</span> <span class='ocrx_word' id='word_1_383' title='bbox 761 3425 904 3492; x_wconf 92' lang='lat' dir='ltr'>operam</span> <span class='ocrx_word' id='word_1_384' title='bbox 917 3397 1110 3493; x_wconf 87' lang='lat' dir='ltr'>Reipubli·</span> <span class='ocrx_word' id='word_1_385' title='bbox 1159 3426 1234 3472; x_wconf 91' lang='lat' dir='ltr'>non</span> <span class='ocrx_word' id='word_1_386' title='bbox 1258 3425 1374 3471; x_wconf 91' lang='lat' dir='ltr'>mores</span> <span class='ocrx_word' id='word_1_387' title='bbox 1395 3415 1458 3471; x_wconf 88' lang='lat' dir='ltr'>aot</span> <span class='ocrx_word' id='word_1_388' title='bbox 1477 3400 1642 3472; x_wconf 79' lang='lat' dir='ltr'>voluntas</span> <span class='ocrx_word' id='word_1_389' title='bbox 1660 3403 1900 3495; x_wconf 87' lang='lat' dir='ltr'>vituperatur,</span> <span class='ocrx_word' id='word_1_390' title='bbox 1927 3411 1987 3478; x_wconf 90' lang='lat' dir='ltr'>sed</span> <span class='ocrx_word' id='word_1_391' title='bbox 2008 3411 2146 3482; x_wconf 91' lang='lat' dir='ltr'>artilicis</span> 
     </span>
     <span class='ocr_line' id='line_1_33' title="bbox 124 3499 2179 3602; baseline 0.005 -28"><span class='ocrx_word' id='word_1_392' title='bbox 124 3527 185 3574; x_wconf 86' lang='lat' dir='ltr'>cae</span> <span class='ocrx_word' id='word_1_393' title='bbox 208 3526 249 3573; x_wconf 88' lang='lat' dir='ltr'>ac</span> <span class='ocrx_word' id='word_1_394' title='bbox 265 3504 450 3574; x_wconf 87' lang='lat' dir='ltr'>universae</span> <span class='ocrx_word' id='word_1_395' title='bbox 464 3504 671 3596; x_wconf 87' lang='lat' dir='ltr'>posteritati.</span> <span class='ocrx_word' id='word_1_396' title='bbox 721 3501 812 3572; x_wconf 87' lang='lat' dir='ltr'>Nam</span> <span class='ocrx_word' id='word_1_397' title='bbox 826 3504 863 3572; x_wconf 89' lang='lat' dir='ltr'>in</span> <span class='ocrx_word' id='word_1_398' title='bbox 880 3499 945 3574; x_wconf 89' lang='lat' dir='ltr'>hac</span> <span class='ocrx_word' id='word_1_399' title='bbox 958 3505 1109 3575; x_wconf 88' lang='lat' dir='ltr'>statione</span> <span class='ocrx_word' id='word_1_400' title='bbox 1160 3503 1299 3573; x_wconf 89' lang='lat' dir='ltr'>inscitia</span> <span class='ocrx_word' id='word_1_401' title='bbox 1314 3500 1598 3595; x_wconf 84' lang='lat' dir='ltr'>reprehenditur.</span> <span class='ocrx_word' id='word_1_402' title='bbox 1647 3502 1760 3576; x_wconf 92' lang='lat' dir='ltr'>Porro</span> <span class='ocrx_word' id='word_1_403' title='bbox 1775 3505 1908 3602; x_wconf 85' lang='lat' dir='ltr'>Zoylus</span> <span class='ocrx_word' id='word_1_404' title='bbox 1921 3534 2065 3583; x_wconf 87' lang='lat' dir='ltr'>carmen</span> <span class='ocrx_word' id='word_1_405' title='bbox 2074 3511 2179 3585; x_wconf 72' lang='lat' dir='ltr'>tto..</span> 
     </span>
     <span class='ocr_line' id='line_1_34' title="bbox 125 3603 2147 3704; baseline 0.005 -28"><span class='ocrx_word' id='word_1_406' title='bbox 125 3605 313 3676; x_wconf 87' lang='lat' dir='ltr'>collocavit</span> <span class='ocrx_word' id='word_1_407' title='bbox 332 3603 580 3695; x_wconf 85' lang='lat' dir='ltr'>nosRespob.</span> <span class='ocrx_word' id='word_1_408' title='bbox 605 3618 645 3674; x_wconf 90' lang='lat' dir='ltr'>ut</span> <span class='ocrx_word' id='word_1_409' title='bbox 673 3617 764 3674; x_wconf 88' lang='lat' dir='ltr'>artes</span> <span class='ocrx_word' id='word_1_410' title='bbox 796 3606 839 3673; x_wconf 91' lang='lat' dir='ltr'>ad</span> <span class='ocrx_word' id='word_1_411' title='bbox 872 3607 980 3676; x_wconf 89' lang='lat' dir='ltr'>vitam</span> <span class='ocrx_word' id='word_1_412' title='bbox 1003 3608 1109 3678; x_wconf 86' lang='lat' dir='ltr'>utiles</span> <span class='ocrx_word' id='word_1_413' title='bbox 1159 3605 1248 3675; x_wconf 86' lang='lat' dir='ltr'>meri</span> <span class='ocrx_word' id='word_1_414' title='bbox 1271 3608 1429 3689; x_wconf 80' lang='lat' dir='ltr'>taxabat,</span> <span class='ocrx_word' id='word_1_415' title='bbox 1453 3604 1624 3690; x_wconf 81' lang='lat' dir='ltr'>noncius</span> <span class='ocrx_word' id='word_1_416' title='bbox 1645 3631 1762 3677; x_wconf 90' lang='lat' dir='ltr'>mores</span> <span class='ocrx_word' id='word_1_417' title='bbox 1780 3611 1978 3682; x_wconf 84' lang='lat' dir='ltr'>antvitam.</span> <span class='ocrx_word' id='word_1_418' title='bbox 2031 3612 2147 3704; x_wconf 81' lang='lat' dir='ltr'>Quare</span> 
     </span>
     <span class='ocr_line' id='line_1_35' title="bbox 124 3706 1707 3798; baseline -0.003 -21"><span class='ocrx_word' id='word_1_419' title='bbox 124 3730 386 3778; x_wconf 83' lang='lat' dir='ltr'>conservemus.</span> <span class='ocrx_word' id='word_1_420' title='bbox 446 3706 519 3776; x_wconf 89' lang='lat' dir='ltr'>Nec</span> <span class='ocrx_word' id='word_1_421' title='bbox 540 3721 638 3798; x_wconf 89' lang='lat' dir='ltr'>potet</span> <span class='ocrx_word' id='word_1_422' title='bbox 659 3730 694 3774; x_wconf 91' lang='lat' dir='ltr'>se</span> <span class='ocrx_word' id='word_1_423' title='bbox 717 3707 752 3773; x_wconf 92' lang='lat' dir='ltr'>in</span> <span class='ocrx_word' id='word_1_424' title='bbox 780 3729 818 3774; x_wconf 88' lang='lat' dir='ltr'>re</span> <span class='ocrx_word' id='word_1_425' title='bbox 836 3730 944 3795; x_wconf 88' lang='lat' dir='ltr'>parva</span> <span class='ocrx_word' id='word_1_426' title='bbox 967 3709 1108 3778; x_wconf 87' lang='lat' dir='ltr'>desrau-</span> <span class='ocrx_word' id='word_1_427' title='bbox 1162 3708 1302 3779; x_wconf 78' lang='lat' dir='ltr'>videtur</span> <span class='ocrx_word' id='word_1_428' title='bbox 1317 3706 1446 3776; x_wconf 88' lang='lat' dir='ltr'>iniuste</span> <span class='ocrx_word' id='word_1_429' title='bbox 1462 3721 1607 3776; x_wconf 89' lang='lat' dir='ltr'>necatus</span> <span class='ocrx_word' id='word_1_430' title='bbox 1623 3730 1707 3782; x_wconf 83' lang='lat' dir='ltr'>esse.</span> 
     </span>
     <span class='ocr_line' id='line_1_36' title="bbox 124 3806 2146 3901; baseline 0.003 -22"><span class='ocrx_word' id='word_1_431' title='bbox 124 3807 516 3898; x_wconf 77' lang='lat' dir='ltr'>dassellempublicam,</span> <span class='ocrx_word' id='word_1_432' title='bbox 541 3809 571 3876; x_wconf 91' lang='lat' dir='ltr'>si</span> <span class='ocrx_word' id='word_1_433' title='bbox 587 3809 667 3899; x_wconf 87' lang='lat' dir='ltr'>quis</span> <span class='ocrx_word' id='word_1_434' title='bbox 683 3807 899 3895; x_wconf 84' lang='lat' dir='ltr'>negligenter</span> <span class='ocrx_word' id='word_1_435' title='bbox 913 3809 995 3879; x_wconf 89' lang='lat' dir='ltr'>lecit</span> <span class='ocrx_word' id='word_1_436' title='bbox 1005 3832 1107 3878; x_wconf 88' lang='lat' dir='ltr'>suom</span> <span class='ocrx_word' id='word_1_437' title='bbox 1263 3807 1332 3878; x_wconf 88' lang='lat' dir='ltr'>Sed</span> <span class='ocrx_word' id='word_1_438' title='bbox 1362 3834 1434 3877; x_wconf 91' lang='grc' dir='ltr'><strong>ιιοιι</strong></span> <span class='ocrx_word' id='word_1_439' title='bbox 1465 3822 1516 3878; x_wconf 89' lang='lat' dir='ltr'>est</span> <span class='ocrx_word' id='word_1_440' title='bbox 1537 3806 1724 3892; x_wconf 86' lang='lat' dir='ltr'>credibile,</span> <span class='ocrx_word' id='word_1_441' title='bbox 1760 3808 1933 3882; x_wconf 85' lang='lat' dir='ltr'>Graecam</span> <span class='ocrx_word' id='word_1_442' title='bbox 1956 3813 2146 3901; x_wconf 83' lang='lat' dir='ltr'>nationem,</span> 
     </span>
     <span class='ocr_line' id='line_1_37' title="bbox 122 3904 2146 4007; baseline 0.004 -28"><span class='ocrx_word' id='word_1_443' title='bbox 122 3908 293 3981; x_wconf 84' lang='lat' dir='ltr'>officium.</span> <span class='ocrx_word' id='word_1_444' title='bbox 345 3907 459 3979; x_wconf 89' lang='lat' dir='ltr'>Debet</span> <span class='ocrx_word' id='word_1_445' title='bbox 481 3910 724 4002; x_wconf 88' lang='lat' dir='ltr'>unusquisque</span> <span class='ocrx_word' id='word_1_446' title='bbox 738 3907 996 3978; x_wconf 82' lang='lat' dir='ltr'>Paterfamilias</span> <span class='ocrx_word' id='word_1_447' title='bbox 1020 3911 1110 3981; x_wconf 86' lang='lat' dir='ltr'>lihe-</span> <span class='ocrx_word' id='word_1_448' title='bbox 1160 3935 1227 4004; x_wconf 86' lang='lat' dir='ltr'>qua</span> <span class='ocrx_word' id='word_1_449' title='bbox 1245 3905 1337 3980; x_wconf 89' lang='lat' dir='ltr'>nihil</span> <span class='ocrx_word' id='word_1_450' title='bbox 1353 3911 1421 3982; x_wconf 89' lang='lat' dir='ltr'>luit</span> <span class='ocrx_word' id='word_1_451' title='bbox 1438 3904 1642 3992; x_wconf 82' lang='lat' dir='ltr'>humanius,</span> <span class='ocrx_word' id='word_1_452' title='bbox 1670 3924 1701 3979; x_wconf 93' lang='lat' dir='ltr'>et</span> <span class='ocrx_word' id='word_1_453' title='bbox 1720 3936 1808 4006; x_wconf 86' lang='lat' dir='ltr'>quae</span> <span class='ocrx_word' id='word_1_454' title='bbox 1823 3909 2025 3982; x_wconf 90' lang='lat' dir='ltr'>libertatem</span> <span class='ocrx_word' id='word_1_455' title='bbox 2039 3917 2146 4007; x_wconf 79' lang='lat' dir='ltr'>inre·</span> 
     </span>
     <span class='ocr_line' id='line_1_38' title="bbox 122 4005 2146 4105; baseline 0.003 -23"><span class='ocrx_word' id='word_1_456' title='bbox 122 4012 176 4082; x_wconf 80' lang='lat' dir='ltr'>ris</span> <span class='ocrx_word' id='word_1_457' title='bbox 196 4013 285 4097; x_wconf 90' lang='lat' dir='ltr'>suis,</span> <span class='ocrx_word' id='word_1_458' title='bbox 310 4025 351 4083; x_wconf 92' lang='lat' dir='ltr'>nt</span> <span class='ocrx_word' id='word_1_459' title='bbox 372 4009 484 4101; x_wconf 87' lang='lat' dir='ltr'>magis</span> <span class='ocrx_word' id='word_1_460' title='bbox 500 4005 766 4101; x_wconf 87' lang='lat' dir='ltr'>hocpublicum</span> <span class='ocrx_word' id='word_1_461' title='bbox 782 4010 1110 4099; x_wconf 86' lang='lat' dir='ltr'>patrimoninmre-</span> <span class='ocrx_word' id='word_1_462' title='bbox 1157 4006 1396 4105; x_wconf 89' lang='lat' dir='ltr'>prehensione</span> <span class='ocrx_word' id='word_1_463' title='bbox 1417 4011 1590 4082; x_wconf 84' lang='lat' dir='ltr'>artificum</span> <span class='ocrx_word' id='word_1_464' title='bbox 1615 4013 1770 4083; x_wconf 83' lang='lat' dir='ltr'>facilime</span> <span class='ocrx_word' id='word_1_465' title='bbox 1790 4012 1892 4097; x_wconf 92' lang='lat' dir='ltr'>tulit,</span> <span class='ocrx_word' id='word_1_466' title='bbox 1928 4027 2064 4087; x_wconf 84' lang='lat' dir='ltr'>temere</span> <span class='ocrx_word' id='word_1_467' title='bbox 2084 4014 2146 4089; x_wconf 82' lang='lat' dir='ltr'>hor</span> 
     </span>
     <span class='ocr_line' id='line_1_39' title="bbox 121 4111 2145 4208; baseline 0.005 -25"><span class='ocrx_word' id='word_1_468' title='bbox 121 4114 286 4207; x_wconf 86' lang='lat' dir='ltr'>linquere</span> <span class='ocrx_word' id='word_1_469' title='bbox 300 4114 456 4193; x_wconf 88' lang='lat' dir='ltr'>studeat,</span> <span class='ocrx_word' id='word_1_470' title='bbox 483 4113 966 4206; x_wconf 87' lang='lat' dir='ltr'>quampropriumfundnm.</span> <span class='ocrx_word' id='word_1_471' title='bbox 1017 4111 1108 4184; x_wconf 90' lang='lat' dir='ltr'>Nam</span> <span class='ocrx_word' id='word_1_472' title='bbox 1160 4114 1380 4205; x_wconf 86' lang='lat' dir='ltr'>exemplum,</span> <span class='ocrx_word' id='word_1_473' title='bbox 1403 4126 1474 4183; x_wconf 86' lang='lat' dir='ltr'>tam</span> <span class='ocrx_word' id='word_1_474' title='bbox 1491 4114 1721 4183; x_wconf 89' lang='lat' dir='ltr'>memorabile</span> <span class='ocrx_word' id='word_1_475' title='bbox 1743 4115 1781 4184; x_wconf 91' lang='lat' dir='ltr'>in</span> <span class='ocrx_word' id='word_1_476' title='bbox 1802 4113 1954 4208; x_wconf 85' lang='lat' dir='ltr'>Zoylnm</span> <span class='ocrx_word' id='word_1_477' title='bbox 1975 4120 2145 4193; x_wconf 79' lang='lat' dir='ltr'>statuisse.</span> 
     </span>
     <span class='ocr_line' id='line_1_40' title="bbox 122 4206 2146 4309; baseline 0.006 -25"><span class='ocrx_word' id='word_1_478' title='bbox 122 4216 281 4308; x_wconf 81' lang='lat' dir='ltr'>privatae</span> <span class='ocrx_word' id='word_1_479' title='bbox 300 4239 357 4286; x_wconf 86' lang='lat' dir='ltr'>res</span> <span class='ocrx_word' id='word_1_480' title='bbox 371 4216 503 4298; x_wconf 88' lang='lat' dir='ltr'>teneri,</span> <span class='ocrx_word' id='word_1_481' title='bbox 528 4215 595 4282; x_wconf 92' lang='lat' dir='ltr'>nisi</span> <span class='ocrx_word' id='word_1_482' title='bbox 612 4213 810 4304; x_wconf 87' lang='lat' dir='ltr'>Republica</span> <span class='ocrx_word' id='word_1_483' title='bbox 829 4215 920 4285; x_wconf 86' lang='lat' dir='ltr'>bene</span> <span class='ocrx_word' id='word_1_484' title='bbox 936 4217 1109 4287; x_wconf 91' lang='lat' dir='ltr'>constitu·</span> <span class='ocrx_word' id='word_1_485' title='bbox 1160 4213 1284 4309; x_wconf 89' lang='lat' dir='ltr'>ltaque</span> <span class='ocrx_word' id='word_1_486' title='bbox 1312 4215 1472 4285; x_wconf 81' lang='lat' dir='ltr'>existimo</span> <span class='ocrx_word' id='word_1_487' title='bbox 1505 4237 1565 4283; x_wconf 94' lang='lat' dir='ltr'>eos</span> <span class='ocrx_word' id='word_1_488' title='bbox 1588 4208 1653 4283; x_wconf 87' lang='lat' dir='ltr'>hac</span> <span class='ocrx_word' id='word_1_489' title='bbox 1675 4217 1813 4286; x_wconf 91' lang='lat' dir='ltr'>ratione</span> <span class='ocrx_word' id='word_1_490' title='bbox 1836 4229 1951 4286; x_wconf 86' lang='lat' dir='ltr'>motos</span> <span class='ocrx_word' id='word_1_491' title='bbox 1972 4242 2069 4292; x_wconf 85' lang='lat' dir='ltr'>esse:</span> <span class='ocrx_word' id='word_1_492' title='bbox 2101 4206 2146 4295; x_wconf 84' lang='lat' dir='ltr'>Ul</span> 
     </span>
     <span class='ocr_line' id='line_1_41' title="bbox 122 4313 2145 4410; baseline 0.003 -23"><span class='ocrx_word' id='word_1_493' title='bbox 122 4330 178 4405; x_wconf 81' lang='lat' dir='ltr'>ta,</span> <span class='ocrx_word' id='word_1_494' title='bbox 203 4340 277 4387; x_wconf 89' lang='lat' dir='ltr'>non</span> <span class='ocrx_word' id='word_1_495' title='bbox 293 4330 452 4409; x_wconf 89' lang='lat' dir='ltr'>possunt.</span> <span class='ocrx_word' id='word_1_496' title='bbox 1160 4317 1318 4387; x_wconf 90' lang='lat' dir='ltr'>convicia</span> <span class='ocrx_word' id='word_1_497' title='bbox 1358 4316 1488 4410; x_wconf 89' lang='lat' dir='ltr'>quibus</span> <span class='ocrx_word' id='word_1_498' title='bbox 1524 4313 1678 4385; x_wconf 89' lang='lat' dir='ltr'>laeditur</span> <span class='ocrx_word' id='word_1_499' title='bbox 1708 4323 1871 4389; x_wconf 90' lang='lat' dir='ltr'>maiestas</span> <span class='ocrx_word' id='word_1_500' title='bbox 1903 4317 2070 4410; x_wconf 88' lang='lat' dir='ltr'>imperii,</span> <span class='ocrx_word' id='word_1_501' title='bbox 2113 4336 2145 4394; x_wconf 85' lang='lat' dir='ltr'>et</span> 
     </span>
     <span class='ocr_line' id='line_1_42' title="bbox 226 4416 2146 4517; baseline 0.004 -29"><span class='ocrx_word' id='word_1_502' title='bbox 226 4417 324 4488; x_wconf 87' lang='lat' dir='ltr'>llaec</span> <span class='ocrx_word' id='word_1_503' title='bbox 344 4419 425 4488; x_wconf 93' lang='lat' dir='ltr'>ideo</span> <span class='ocrx_word' id='word_1_504' title='bbox 447 4418 521 4489; x_wconf 88' lang='lat' dir='ltr'>dixi</span> <span class='ocrx_word' id='word_1_505' title='bbox 545 4418 709 4509; x_wconf 89' lang='lat' dir='ltr'>pluribus</span> <span class='ocrx_word' id='word_1_506' title='bbox 723 4417 860 4503; x_wconf 86' lang='lat' dir='ltr'>verbis,</span> <span class='ocrx_word' id='word_1_507' title='bbox 885 4430 926 4487; x_wconf 90' lang='lat' dir='ltr'>ot</span> <span class='ocrx_word' id='word_1_508' title='bbox 940 4416 1015 4498; x_wconf 91' lang='lat' dir='ltr'>illi,</span> <span class='ocrx_word' id='word_1_509' title='bbox 1046 4419 1107 4511; x_wconf 84' lang='lat' dir='ltr'>qoi</span> <span class='ocrx_word' id='word_1_510' title='bbox 1159 4418 1385 4508; x_wconf 85' lang='lat' dir='ltr'>Principum,</span> <span class='ocrx_word' id='word_1_511' title='bbox 1407 4416 1548 4508; x_wconf 90' lang='lat' dir='ltr'>capitali</span> <span class='ocrx_word' id='word_1_512' title='bbox 1569 4417 1742 4508; x_wconf 89' lang='lat' dir='ltr'>supplicio</span> <span class='ocrx_word' id='word_1_513' title='bbox 1768 4419 1985 4510; x_wconf 87' lang='lat' dir='ltr'>puniuntor:</span> <span class='ocrx_word' id='word_1_514' title='bbox 2018 4421 2070 4495; x_wconf 85' lang='lat' dir='ltr'>lta</span> <span class='ocrx_word' id='word_1_515' title='bbox 2088 4448 2146 4517; x_wconf 80' lang='lat' dir='ltr'>pe·</span> 
     </span>
     <span class='ocr_line' id='line_1_43' title="bbox 123 4514 2144 4613; baseline 0.001 -21"><span class='ocrx_word' id='word_1_516' title='bbox 123 4533 304 4613; x_wconf 86' lang='lat' dir='ltr'>praetexto</span> <span class='ocrx_word' id='word_1_517' title='bbox 318 4517 505 4610; x_wconf 79' lang='lat' dir='ltr'>Evangelii</span> <span class='ocrx_word' id='word_1_518' title='bbox 523 4521 635 4589; x_wconf 85' lang='lat' dir='ltr'>bonas</span> <span class='ocrx_word' id='word_1_519' title='bbox 651 4533 743 4589; x_wconf 86' lang='lat' dir='ltr'>artes</span> <span class='ocrx_word' id='word_1_520' title='bbox 757 4533 1009 4611; x_wconf 89' lang='lat' dir='ltr'>aspernantur,</span> <span class='ocrx_word' id='word_1_521' title='bbox 1032 4542 1109 4590; x_wconf 88' lang='lat' dir='ltr'>me·</span> <span class='ocrx_word' id='word_1_522' title='bbox 1159 4521 1308 4590; x_wconf 83' lang='lat' dir='ltr'>tutantia</span> <span class='ocrx_word' id='word_1_523' title='bbox 1333 4519 1372 4588; x_wconf 88' lang='lat' dir='ltr'>in</span> <span class='ocrx_word' id='word_1_524' title='bbox 1396 4514 1698 4611; x_wconf 85' lang='lat' dir='ltr'>reprehendendis</span> <span class='ocrx_word' id='word_1_525' title='bbox 1717 4522 1852 4593; x_wconf 90' lang='lat' dir='ltr'>artibus</span> <span class='ocrx_word' id='word_1_526' title='bbox 1867 4536 1929 4592; x_wconf 91' lang='lat' dir='ltr'>aot</span> <span class='ocrx_word' id='word_1_527' title='bbox 1945 4520 2144 4597; x_wconf 83' lang='lat' dir='ltr'>excellenti·</span> 
     </span>
     <span class='ocr_line' id='line_1_44' title="bbox 122 4619 2143 4713; baseline 0.003 -23"><span class='ocrx_word' id='word_1_528' title='bbox 122 4621 314 4706; x_wconf 90' lang='lat' dir='ltr'>minerint,</span> <span class='ocrx_word' id='word_1_529' title='bbox 354 4624 384 4692; x_wconf 90' lang='lat' dir='ltr'>si</span> <span class='ocrx_word' id='word_1_530' title='bbox 403 4619 590 4713; x_wconf 79' lang='lat' dir='ltr'>Evangelii</span> <span class='ocrx_word' id='word_1_531' title='bbox 616 4620 764 4710; x_wconf 89' lang='lat' dir='ltr'>gloriam</span> <span class='ocrx_word' id='word_1_532' title='bbox 786 4622 939 4712; x_wconf 84' lang='lat' dir='ltr'>graviter</span> <span class='ocrx_word' id='word_1_533' title='bbox 958 4621 1109 4696; x_wconf 88' lang='lat' dir='ltr'>laedere.</span> <span class='ocrx_word' id='word_1_534' title='bbox 1160 4622 1227 4692; x_wconf 88' lang='lat' dir='ltr'>bus</span> <span class='ocrx_word' id='word_1_535' title='bbox 1241 4621 1452 4706; x_wconf 84' lang='lat' dir='ltr'>artificibus,</span> <span class='ocrx_word' id='word_1_536' title='bbox 1476 4621 1635 4711; x_wconf 86' lang='lat' dir='ltr'>capitalis</span> <span class='ocrx_word' id='word_1_537' title='bbox 1648 4645 1722 4693; x_wconf 87' lang='lat' dir='ltr'>esse</span> <span class='ocrx_word' id='word_1_538' title='bbox 1736 4624 1924 4695; x_wconf 87' lang='lat' dir='ltr'>iudicanda</span> <span class='ocrx_word' id='word_1_539' title='bbox 1940 4639 2005 4696; x_wconf 86' lang='lat' dir='ltr'>est.</span> <span class='ocrx_word' id='word_1_540' title='bbox 2059 4624 2143 4700; x_wconf 80' lang='lat' dir='ltr'>Nato</span> 
     </span>
     <span class='ocr_line' id='line_1_45' title="bbox 121 4718 2144 4822; baseline 0.003 -29"><span class='ocrx_word' id='word_1_541' title='bbox 121 4719 202 4795; x_wconf 80' lang='lat' dir='ltr'>Hoc</span> <span class='ocrx_word' id='word_1_542' title='bbox 224 4724 337 4794; x_wconf 93' lang='lat' dir='ltr'>multo</span> <span class='ocrx_word' id='word_1_543' title='bbox 355 4723 467 4815; x_wconf 88' lang='lat' dir='ltr'>magis</span> <span class='ocrx_word' id='word_1_544' title='bbox 480 4727 579 4795; x_wconf 89' lang='lat' dir='ltr'>decet</span> <span class='ocrx_word' id='word_1_545' title='bbox 592 4718 833 4805; x_wconf 88' lang='lat' dir='ltr'>Christianos,</span> <span class='ocrx_word' id='word_1_546' title='bbox 858 4720 924 4793; x_wconf 92' lang='lat' dir='ltr'>Dei</span> <span class='ocrx_word' id='word_1_547' title='bbox 940 4724 1035 4792; x_wconf 87' lang='lat' dir='ltr'>dona</span> <span class='ocrx_word' id='word_1_548' title='bbox 1048 4746 1109 4793; x_wconf 84' lang='lat' dir='ltr'>ve-</span> <span class='ocrx_word' id='word_1_549' title='bbox 1158 4738 1191 4794; x_wconf 93' lang='lat' dir='ltr'>et</span> <span class='ocrx_word' id='word_1_550' title='bbox 1212 4737 1304 4794; x_wconf 86' lang='lat' dir='ltr'>artes</span> <span class='ocrx_word' id='word_1_551' title='bbox 1323 4725 1366 4793; x_wconf 90' lang='lat' dir='ltr'>ad</span> <span class='ocrx_word' id='word_1_552' title='bbox 1393 4721 1532 4812; x_wconf 87' lang='lat' dir='ltr'>imperii</span> <span class='ocrx_word' id='word_1_553' title='bbox 1557 4722 1736 4811; x_wconf 80' lang='lat' dir='ltr'>fastigium</span> <span class='ocrx_word' id='word_1_554' title='bbox 1757 4725 1956 4818; x_wconf 90' lang='lat' dir='ltr'>pertinent,</span> <span class='ocrx_word' id='word_1_555' title='bbox 1980 4740 2021 4798; x_wconf 89' lang='lat' dir='ltr'>ot</span> <span class='ocrx_word' id='word_1_556' title='bbox 2046 4728 2144 4822; x_wconf 79' lang='lat' dir='ltr'>leges.</span> 
     </span>
     <span class='ocr_line' id='line_1_46' title="bbox 121 4823 2143 4919; baseline 0.003 -24"><span class='ocrx_word' id='word_1_557' title='bbox 121 4825 260 4905; x_wconf 83' lang='lat' dir='ltr'>necari,</span> <span class='ocrx_word' id='word_1_558' title='bbox 285 4825 406 4919; x_wconf 77' lang='lat' dir='ltr'>eisque</span> <span class='ocrx_word' id='word_1_559' title='bbox 428 4850 507 4895; x_wconf 89' lang='lat' dir='ltr'>com</span> <span class='ocrx_word' id='word_1_560' title='bbox 530 4826 722 4917; x_wconf 87' lang='lat' dir='ltr'>gratiarum</span> <span class='ocrx_word' id='word_1_561' title='bbox 740 4826 897 4910; x_wconf 88' lang='lat' dir='ltr'>actione,</span> <span class='ocrx_word' id='word_1_562' title='bbox 922 4837 961 4894; x_wconf 92' lang='lat' dir='ltr'>ut</span> <span class='ocrx_word' id='word_1_563' title='bbox 976 4823 1108 4895; x_wconf 89' lang='lat' dir='ltr'>Paulus</span> <span class='ocrx_word' id='word_1_564' title='bbox 1157 4824 1251 4896; x_wconf 88' lang='lat' dir='ltr'>Sunt</span> <span class='ocrx_word' id='word_1_565' title='bbox 1274 4824 1368 4895; x_wconf 90' lang='lat' dir='ltr'>enim</span> <span class='ocrx_word' id='word_1_566' title='bbox 1387 4824 1504 4912; x_wconf 88' lang='lat' dir='ltr'>legum</span> <span class='ocrx_word' id='word_1_567' title='bbox 1527 4823 1654 4896; x_wconf 85' lang='lat' dir='ltr'>sontes.</span> <span class='ocrx_word' id='word_1_568' title='bbox 1705 4824 1816 4899; x_wconf 83' lang='lat' dir='ltr'>Recte</span> <span class='ocrx_word' id='word_1_569' title='bbox 1837 4826 1948 4916; x_wconf 85' lang='lat' dir='ltr'>igitur</span> <span class='ocrx_word' id='word_1_570' title='bbox 1964 4826 2143 4903; x_wconf 83' lang='lat' dir='ltr'>iudicave-</span> 
     </span>
     <span class='ocr_line' id='line_1_47' title="bbox 121 4922 2143 5022; baseline 0.005 -26"><span class='ocrx_word' id='word_1_571' title='bbox 121 4927 259 5022; x_wconf 87' lang='lat' dir='ltr'>inquit,</span> <span class='ocrx_word' id='word_1_572' title='bbox 293 4925 358 4996; x_wconf 89' lang='lat' dir='ltr'>uti.</span> <span class='ocrx_word' id='word_1_573' title='bbox 408 4924 539 4997; x_wconf 90' lang='lat' dir='ltr'>Precor</span> <span class='ocrx_word' id='word_1_574' title='bbox 558 4940 674 4997; x_wconf 89' lang='lat' dir='ltr'>autem</span> <span class='ocrx_word' id='word_1_575' title='bbox 694 4922 894 5006; x_wconf 89' lang='lat' dir='ltr'>Christum,</span> <span class='ocrx_word' id='word_1_576' title='bbox 927 4939 966 4996; x_wconf 92' lang='lat' dir='ltr'>ot</span> <span class='ocrx_word' id='word_1_577' title='bbox 991 4927 1105 4998; x_wconf 90' lang='lat' dir='ltr'>studia</span> <span class='ocrx_word' id='word_1_578' title='bbox 1156 4924 1387 5011; x_wconf 86' lang='lat' dir='ltr'>runtGraeci,</span> <span class='ocrx_word' id='word_1_579' title='bbox 1406 4924 1558 5019; x_wconf 86' lang='lat' dir='ltr'>Zoylum</span> <span class='ocrx_word' id='word_1_580' title='bbox 1569 4938 1738 5019; x_wconf 89' lang='lat' dir='ltr'>tanquam</span> <span class='ocrx_word' id='word_1_581' title='bbox 1749 4954 1846 5002; x_wconf 89' lang='lat' dir='ltr'>reum</span> <span class='ocrx_word' id='word_1_582' title='bbox 1858 4930 1971 5000; x_wconf 88' lang='lat' dir='ltr'>laesae</span> <span class='ocrx_word' id='word_1_583' title='bbox 1981 4932 2143 5005; x_wconf 80' lang='lat' dir='ltr'>maiesta-</span> 
     </span>
     <span class='ocr_line' id='line_1_48' title="bbox 121 5026 2139 5123; baseline 0.003 -25"><span class='ocrx_word' id='word_1_584' title='bbox 121 5042 244 5099; x_wconf 85' lang='lat' dir='ltr'>nostra</span> <span class='ocrx_word' id='word_1_585' title='bbox 264 5029 310 5097; x_wconf 91' lang='lat' dir='ltr'>ad</span> <span class='ocrx_word' id='word_1_586' title='bbox 328 5027 515 5099; x_wconf 91' lang='lat' dir='ltr'>utilitatem</span> <span class='ocrx_word' id='word_1_587' title='bbox 531 5029 708 5121; x_wconf 85' lang='lat' dir='ltr'>publicam</span> <span class='ocrx_word' id='word_1_588' title='bbox 725 5031 916 5118; x_wconf 87' lang='lat' dir='ltr'>gubernet,</span> <span class='ocrx_word' id='word_1_589' title='bbox 942 5043 977 5098; x_wconf 90' lang='lat' dir='ltr'>et</span> <span class='ocrx_word' id='word_1_590' title='bbox 993 5031 1106 5099; x_wconf 91' lang='lat' dir='ltr'>bonas</span> <span class='ocrx_word' id='word_1_591' title='bbox 1156 5028 1219 5111; x_wconf 92' lang='lat' dir='ltr'>tis,</span> <span class='ocrx_word' id='word_1_592' title='bbox 1244 5029 1373 5099; x_wconf 92' lang='lat' dir='ltr'>ultimo</span> <span class='ocrx_word' id='word_1_593' title='bbox 1387 5026 1561 5118; x_wconf 90' lang='lat' dir='ltr'>supplicio</span> <span class='ocrx_word' id='word_1_594' title='bbox 1579 5027 1806 5100; x_wconf 85' lang='lat' dir='ltr'>alliciendum</span> <span class='ocrx_word' id='word_1_595' title='bbox 1821 5054 1913 5115; x_wconf 88' lang='lat' dir='ltr'>esse,</span> <span class='ocrx_word' id='word_1_596' title='bbox 1935 5035 2139 5123; x_wconf 83' lang='lat' dir='ltr'>praesertim</span> 
     </span>
     <span class='ocr_line' id='line_1_49' title="bbox 120 5129 2141 5223; baseline 0.002 -23"><span class='ocrx_word' id='word_1_597' title='bbox 120 5143 213 5200; x_wconf 88' lang='lat' dir='ltr'>artes</span> <span class='ocrx_word' id='word_1_598' title='bbox 233 5141 435 5215; x_wconf 84' lang='lat' dir='ltr'>conservet,</span> <span class='ocrx_word' id='word_1_599' title='bbox 456 5132 626 5223; x_wconf 87' lang='lat' dir='ltr'>quoniam</span> <span class='ocrx_word' id='word_1_600' title='bbox 642 5143 681 5200; x_wconf 92' lang='lat' dir='ltr'>ut</span> <span class='ocrx_word' id='word_1_601' title='bbox 697 5131 831 5223; x_wconf 89' lang='lat' dir='ltr'>abipso</span> <span class='ocrx_word' id='word_1_602' title='bbox 846 5144 1005 5201; x_wconf 88' lang='lat' dir='ltr'>ostensae</span> <span class='ocrx_word' id='word_1_603' title='bbox 1022 5147 1105 5204; x_wconf 88' lang='lat' dir='ltr'>sont</span> <span class='ocrx_word' id='word_1_604' title='bbox 1154 5155 1234 5202; x_wconf 88' lang='lat' dir='ltr'>cnm</span> <span class='ocrx_word' id='word_1_605' title='bbox 1252 5130 1341 5200; x_wconf 86' lang='lat' dir='ltr'>idio</span> <span class='ocrx_word' id='word_1_606' title='bbox 1355 5140 1454 5200; x_wconf 89' lang='lat' dir='ltr'>tanto</span> <span class='ocrx_word' id='word_1_607' title='bbox 1469 5142 1647 5201; x_wconf 84' lang='lat' dir='ltr'>conventu</span> <span class='ocrx_word' id='word_1_608' title='bbox 1660 5131 1770 5202; x_wconf 92' lang='lat' dir='ltr'>totius</span> <span class='ocrx_word' id='word_1_609' title='bbox 1780 5129 1952 5205; x_wconf 87' lang='lat' dir='ltr'>Graeciae</span> <span class='ocrx_word' id='word_1_610' title='bbox 1967 5136 2012 5203; x_wconf 84' lang='lat' dir='ltr'>sd</span> <span class='ocrx_word' id='word_1_611' title='bbox 2030 5160 2141 5208; x_wconf 83' lang='lat' dir='ltr'>exem·</span> 
     </span>
     <span class='ocr_line' id='line_1_50' title="bbox 117 5222 2139 5325; baseline 0.003 -24"><span class='ocrx_word' id='word_1_612' title='bbox 117 5225 274 5303; x_wconf 89' lang='lat' dir='ltr'>hnmano</span> <span class='ocrx_word' id='word_1_613' title='bbox 290 5231 431 5323; x_wconf 90' lang='lat' dir='ltr'>generi,</span> <span class='ocrx_word' id='word_1_614' title='bbox 451 5230 499 5302; x_wconf 88' lang='lat' dir='ltr'>ita</span> <span class='ocrx_word' id='word_1_615' title='bbox 515 5233 731 5318; x_wconf 88' lang='lat' dir='ltr'>conservari,</span> <span class='ocrx_word' id='word_1_616' title='bbox 756 5234 825 5304; x_wconf 89' lang='lat' dir='ltr'>nisi</span> <span class='ocrx_word' id='word_1_617' title='bbox 839 5233 1014 5306; x_wconf 83' lang='lat' dir='ltr'>divinitus</span> <span class='ocrx_word' id='word_1_618' title='bbox 1029 5258 1104 5304; x_wconf 93' lang='lat' dir='ltr'>non</span> <span class='ocrx_word' id='word_1_619' title='bbox 1152 5234 1251 5325; x_wconf 90' lang='lat' dir='ltr'>plum</span> <span class='ocrx_word' id='word_1_620' title='bbox 1275 5231 1477 5324; x_wconf 86' lang='lat' dir='ltr'>pertineret.</span> <span class='ocrx_word' id='word_1_621' title='bbox 1532 5222 1622 5305; x_wconf 78' lang='lat' dir='ltr'>Erat</span> <span class='ocrx_word' id='word_1_622' title='bbox 1643 5233 1740 5307; x_wconf 86' lang='lat' dir='ltr'>enim</span> <span class='ocrx_word' id='word_1_623' title='bbox 1763 5236 1940 5304; x_wconf 90' lang='lat' dir='ltr'>monenda</span> <span class='ocrx_word' id='word_1_624' title='bbox 1964 5235 2139 5323; x_wconf 82' lang='lat' dir='ltr'>iuventus,</span> 
     </span>
     <span class='ocr_line' id='line_1_51' title="bbox 114 5332 2140 5425; baseline 0.002 -20"><span class='ocrx_word' id='word_1_625' title='bbox 114 5348 274 5425; x_wconf 77' lang='lat' dir='ltr'>possunt.</span> <span class='ocrx_word' id='word_1_626' title='bbox 1151 5357 1198 5406; x_wconf 87' lang='lat' dir='ltr'>ne</span> <span class='ocrx_word' id='word_1_627' title='bbox 1219 5333 1444 5406; x_wconf 86' lang='lat' dir='ltr'>malediceret</span> <span class='ocrx_word' id='word_1_628' title='bbox 1465 5332 1619 5422; x_wconf 72' lang='lat' dir='ltr'>nubas,</span> <span class='ocrx_word' id='word_1_629' title='bbox 1639 5349 1703 5409; x_wconf 88' lang='lat' dir='ltr'>aut</span> <span class='ocrx_word' id='word_1_630' title='bbox 1726 5336 1980 5411; x_wconf 83' lang='lat' dir='ltr'>excellentibus</span> <span class='ocrx_word' id='word_1_631' title='bbox 1999 5338 2140 5414; x_wconf 83' lang='lat' dir='ltr'>attilici-</span> 
     </span>
    </p>
   </div>
   <div class='ocr_carea' id='block_1_3' title="bbox 1159 796 2154 991">
    <p class='ocr_par' dir='ltr' id='par_1_3' title="bbox 1159 796 2154 991">
     <span class='ocr_line' id='line_1_52' title="bbox 1159 796 2154 890; baseline 0.008 -24"><span class='ocrx_word' id='word_1_632' title='bbox 1159 798 1247 866; x_wconf 84' lang='lat' dir='ltr'>lure</span> <span class='ocrx_word' id='word_1_633' title='bbox 1270 816 1319 867; x_wconf 85' lang='lat' dir='ltr'>ne</span> <span class='ocrx_word' id='word_1_634' title='bbox 1341 796 1478 890; x_wconf 79' lang='lat' dir='ltr'>zoylus</span> <span class='ocrx_word' id='word_1_635' title='bbox 1499 798 1541 866; x_wconf 83' lang='lat' dir='ltr'>in</span> <span class='ocrx_word' id='word_1_636' title='bbox 1562 797 1742 890; x_wconf 76' lang='lat' dir='ltr'>Olympiis</span> <span class='ocrx_word' id='word_1_637' title='bbox 1761 819 1786 868; x_wconf 85' lang='grc' dir='ltr'><em>α</em></span> <span class='ocrx_word' id='word_1_638' title='bbox 1812 799 1965 874; x_wconf 79' lang='lat' dir='ltr'>Graecis</span> <span class='ocrx_word' id='word_1_639' title='bbox 1985 797 2034 872; x_wconf 82' lang='lat' dir='ltr'>de</span> <span class='ocrx_word' id='word_1_640' title='bbox 2056 821 2154 874; x_wconf 74' lang='lat' dir='ltr'>saxo</span> 
     </span>
     <span class='ocr_line' id='line_1_53' title="bbox 1462 896 1852 991; baseline 0.008 -23"><span class='ocrx_word' id='word_1_641' title='bbox 1462 900 1515 968; x_wconf 81' lang='lat' dir='ltr'>ait</span> <span class='ocrx_word' id='word_1_642' title='bbox 1542 896 1852 991; x_wconf 78' lang='lat' dir='ltr'>praecipitatus?</span> 
     </span>
    </p>
   </div>
   <div class='ocr_carea' id='block_1_4' title="bbox 0 0 2278 5760">
    <p class='ocr_par' dir='ltr' id='par_1_4' title="bbox 0 0 2278 5760">
     <span class='ocr_line' id='line_1_54' title="bbox 0 0 2278 5760; baseline 0 0"><span class='ocrx_word' id='word_1_643' title='bbox 0 0 2278 5760; x_wconf 95' lang='lat' dir='ltr'> </span> 
     </span>
    </p>
   </div>
  </div>
 </body>
</html>
