4546 5760
95 206 172 283 su
490 252 492 257 -
584 196 1646 299 aaaooumaranavasoonorouas.
1922 185 1928 195 ·
2047 168 2123 282 ssi
2229 208 2233 215 ·

94 377 338 470 diesparisan,
350 377 468 474 etqui
479 379 698 472 obtemperat
713 377 934 465 correctioni,
950 371 1087 450 honore
1138 373 1272 446 tinetur
1284 374 1376 462 vita,
1398 376 1518 446 verius
1533 399 1640 471 qnam
1654 375 1762 447 armis
1775 390 1835 448 aut
1849 374 1932 449 ullis
1946 378 2027 448 aliis
2042 403 2121 448 rnu-

94 481 280 555 afficietur.
1136 477 1315 551 nimemis.
1366 474 1417 551 Et
1430 473 1559 548 harum
1581 492 1757 550 tantarum
1780 503 1899 549 rerum
1916 481 2073 551 studium
2088 493 2122 550 et

376 660 381 670 ,
461 580 556 676 Lege
570 576 721 660 Statuta.
832 601 838 677 j,
903 667 905 671 Ι
1136 578 1403 671 explicationem
1423 579 1557 671 flagitat
1579 581 1726 651 anobis
1746 577 1903 672 Respub.
1927 583 2121 675 etquidem

506 763 515 780 .
833 684 852 775 '',
1135 681 1174 749 in
1190 677 1255 750 hac
1269 677 1400 753 Schola
1416 682 1601 774 praecipue
1616 682 1719 753 floret
1733 683 1895 753 doctrina
1910 681 2121 773 Religionis,

337 760 420 830 ΡΜ
439 761 606 837 isscfl‘mem
626 763 842 836 Sialulmm·
1131 787 1170 854 et
1188 784 1339 854 aliarum
1362 784 1512 870 artium,
1537 809 1627 878 quac
1642 808 1704 853 vos
1725 785 1770 853 ad
1789 785 1954 855 virtutem
1972 779 2121 854 hortan-

118 856 126 869 ⁸
194 883 277 968 Non
290 885 416 955 addam
433 865 632 975 longiorem
649 872 952 960 declamationem.
992 885 1085 959 Nul·
1135 899 1204 957 tur.
1256 882 1349 956 Cum
1369 884 1479 977 igitur
1501 887 1630 957 intam
1652 884 1798 955 sublimi
1825 888 1937 975 gradu
1960 885 2120 956 collocati

94 987 165 1060 lius
199 987 305 1071 eninr-J
328 987 441 1077 oratio
470 987 550 1077 plus
570 979 774 1077 autoritatis
806 986 936 1062 habere
962 993 1084 1074 debet,
1135 987 1264 1072 simus,
1287 987 1327 1057 in
1342 1010 1413 1081 quo
1427 989 1543 1060 studia
1561 988 1734 1068 veritatis,
1760 987 1935 1067 iusticias,
1962 1001 2121 1058 etcaete·

94 1113 202 1185 quam
224 1088 299 1182 ipsa
321 1113 388 1156 vox
408 1089 513 1178 legis,
538 1114 644 1183 quam
667 1091 782 1176 scitis,
797 1107 853 1181 ut
874 1107 974 1164 antea
998 1092 1084 1177 dixi,
1135 1112 1256 1158 rarum
1278 1090 1452 1168 virtutum
1472 1090 1590 1180 sigere
1619 1091 1768 1174 debent,
1800 1089 1949 1179 cogitate
1978 1113 2120 1182 quaeso,

94 1190 304 1285 ipsissimam
321 1188 389 1258 Dei
404 1215 523 1260 vocem
541 1214 631 1276 esse,
654 1206 837 1263 sonantem
858 1196 896 1264 in
912 1194 1082 1286 imperiis,
1135 1215 1240 1284 quarn
1274 1189 1464 1281 iudignum
1496 1193 1542 1262 sit
1576 1187 1644 1261 hoc
1662 1191 1804 1283 ordine
1838 1191 1936 1260 velut
1969 1191 2122 1260 furiosos

94 1307 129 1365 et
141 1294 397 1384 gubernantem
413 1284 601 1384 hominum
617 1307 750 1380 coetus,
775 1295 866 1366 sicut
879 1297 928 1368 ait
943 1296 1084 1388 sapien·
1134 1293 1255 1362 omnia
1287 1292 1496 1386 disciplinae
1526 1294 1693 1385 repagula
1726 1316 1973 1385 perrumpere,
2003 1293 2122 1362 nullas

94 1394 150 1467 tia
167 1392 251 1464 Dei:
277 1392 346 1463 Per
366 1417 424 1462 me
443 1415 541 1482 reges
560 1410 727 1489 regnant,
758 1411 793 1468 et
816 1399 950 1476 iudices¹
974 1399 1083 1469 iustas
1134 1395 1310 1464 moderari
1324 1395 1544 1486 cupiditates,
1567 1409 1701 1464 certare
1714 1393 1931 1464 Antonianis
1948 1388 2121 1465 heluatio·

94 1496 190 1587 leges
210 1495 341 1566 ferunt.
401 1490 451 1564 Et
472 1497 833 1587 quampnecessarium
859 1500 1014 1568 officium
1038 1499 1083 1570 sit
1135 1497 1262 1587 nibus,
1287 1496 1437 1586 grassari
1457 1498 1638 1566 latronum
1662 1520 1761 1566 more
1786 1497 1824 1564 in
1848 1495 1935 1564 locis
1959 1496 2122 1587 publicis.

94 1596 210 1668 vereri
228 1597 347 1686 leges,
372 1609 406 1666 et
427 1596 476 1664 cis
495 1599 757 1690 obtemperare,
782 1601 1003 1671 iamdictam
1021 1616 1081 1670 est.
1114 1595 1230 1677 ,Haec
1249 1598 1280 1667 si
1300 1600 1457 1670 facerent
1476 1599 1589 1691 aliqui
1604 1598 1769 1668 destinati
1785 1597 1877 1666 vitae
1897 1598 2120 1682 monasticae,

94 1698 191 1770 lllud
205 1712 320 1789 autern
338 1711 377 1766 ut
398 1696 581 1780 adiiciam,
606 1724 751 1790 magnae
769 1716 939 1794 etgraves
959 1726 1082 1772 causae
1134 1713 1196 1769 aut
1229 1701 1442 1786 sacerdotes,
1479 1723 1599 1770 nonne
1630 1722 1754 1769 omnes
1787 1699 2027 1784 clamitarent,
2062 1698 2121 1766 in-

94 1814 191 1873 mua
240 1797 392 1869 Crebrae
405 1798 573 1870 dicuntur
594 1823 667 1871 esse
690 1796 883 1893 nocturnae
897 1804 936 1873 in
959 1804 1082 1896 plateis
1133 1801 1338 1890 dignissima
1353 1825 1426 1871 esse
1441 1802 1514 1870 illis
1528 1801 1831 1893 professionibus?
1861 1797 1967 1868 Nunc
1983 1826 2003 1870 a
2018 1802 2120 1871 vobis

94 1901 368 1972 discursationes
391 1913 427 1970 et
440 1902 718 1972 vociferationes.
768 1902 951 1975 interdum
974 1894 1082 1975 etiam
1132 1897 1342 1986 boechout,
1366 1902 1430 1996 qui
1447 1904 1559 1973 multo
1577 1903 1772 1993 augustiori
1791 1900 1909 1991 generi
1924 1901 2016 1971 vitae
2033 1926 2120 1970 con-

94 2001 207 2096 aliqui
228 2027 270 2072 er
290 2001 418 2071 nostris
443 2017 570 2092 gerunt
590 2028 697 2075 arma.
749 2002 949 2077 Audivistis
964 2021 1080 2076 autem
1131 2004 1257 2074 serrasti
1270 2006 1371 2084 estis,
1396 2005 1560 2074 videlicet
1575 2003 1784 2095 professioni
1801 2003 1956 2072 veritatis
1968 2016 2003 2073 et
2018 2001 2119 2072 iusti-

93 2104 250 2176 edictum
275 2102 538 2193 gravissimum,
572 2117 607 2174 et
629 2106 766 2198 optimo
783 2109 932 2178 consilio
950 2133 1083 2200 propo-
1132 2105 1216 2175 riae.
1267 2103 1326 2175 An
1347 2128 1423 2174 non
1447 2105 1620 2197 respicitis
1639 2105 1725 2174 vos?
1750 2128 1824 2174 non
1842 2104 1999 2173 venitin
2018 2128 2120 2172 men-

94 2205 989 2304 titumalaudatissimoPrincipeDuceFriderico,
1007 2234 1079 2302 quo
1132 2219 1205 2277 tem
1227 2207 1440 2300 aliquando,
1466 2231 1538 2300 quo
1560 2207 1598 2275 in
1618 2208 1730 2297 gradu
1751 2230 1815 2275 vos
1830 2203 1987 2295 Respub.
2006 2206 2119 2274 collo·
2168 2291 2176 2305 .

94 2321 127 2380 et
152 2322 344 2377 nocturnae
367 2307 448 2375 illae
473 2307 746 2379 discursationes
775 2330 809 2381 et
831 2336 927 2380 arma
955 2306 1080 2403 prohi·
1131 2309 1297 2379 caverit?-
1310 2332 1400 2401 qnae
1413 2306 1637 2379 officiaDeus
1651 2309 1690 2376 in
1705 2303 1769 2377 hac
1784 2306 1967 2376 vocatione
1982 2331 2002 2376 a
2018 2306 2119 2376 vobis

94 2409 235 2481 bantur.
289 2406 408 2496 Quare
423 2410 609 2479 autoritate
625 2408 853 2500 Magistratus
868 2437 971 2505 quern
987 2435 1081 2502 gero,
1132 2411 1313 2501 requirat?
1348 2425 1522 2504 quantum
1547 2410 1660 2479 scelus
1683 2410 1816 2480 sit'vos
1840 2407 1916 2478 istis
1945 2408 2119 2478 scandalis
2191 2469 2195 2475 .

94 2511 242 2594 mando,
275 2524 316 2580 ut
345 2505 429 2578 huic
459 2510 574 2580 edicto
604 2512 871 2602 obtemperetis,
904 2515 1000 2606 quod
1034 2516 1080 2582 ad
1133 2511 1303 2580 infamare
1327 2506 1473 2581 honesta
1490 2511 1630 2581 studia?
1655 2508 1765 2596 Nam,
1790 2523 1830 2580 ut
1846 2509 1981 2590 sciatis,
2007 2504 2118 2579 hone·

94 2605 318 2685 communem
341 2612 441 2679 urbis
465 2613 760 2704 tranquillitatem
782 2630 817 2684 et
840 2616 1080 2684 defensionem
1131 2612 1276 2682 stissimi
1299 2607 1462 2681 homines
1489 2614 1626 2707 aliquot
1658 2613 1841 2682 civitatum
1870 2611 1974 2679 nobis
2003 2611 2120 2704 questi

94 2727 244 2787 vestram
260 2712 409 2781 maxime
426 2714 657 2783 necessarium
675 2729 735 2784 est.
787 2714 970 2804 Quantum
985 2716 1078 2784 enim
1132 2728 1234 2796 sunt,
1266 2715 1398 2784 remitti
1424 2717 1571 2785 domum
1598 2709 1825 2784 scholasticos
1847 2712 1978 2783 talibus
1999 2735 2119 2781 assue-
2196 2793 2199 2799 ¹

94 2814 240 2910 periculi
262 2829 370 2899 esset,
407 2814 437 2881 si
461 2815 589 2884 irritati
613 2816 824 2908 aliquando,
863 2820 959 2910 quod
982 2815 1080 2886 Deus
1131 2819 1239 2884 factos
1257 2817 1432 2899 moribus,
1457 2829 1493 2886 ut
1514 2840 1620 2885 nemo
1641 2838 1701 2884 eos
1717 2817 1810 2884 ferre
1826 2812 1952 2905 possit,
1978 2825 2013 2883 et
2036 2815 2116 2883 lite-

94 2911 297 3011 prohibeat,
323 2938 513 3005 paucorum
533 2916 656 3008 culpa,
681 2918 773 2987 cives
789 2943 885 2987 arma
902 2932 1079 3009 caperent.
1131 2941 1190 2986 rae
1214 2917 1310 3007 ipsae
1331 2917 1371 2985 in
1394 2917 1517 2985 odium
1541 2918 1700 2990 veniunt.
1752 2914 1825 2987 Nec
1848 2915 2118 2993 verodubitan·

94 3018 251 3090 Primum
267 3017 376 3107 igitur
397 3017 436 3085 in
461 3012 526 3085 hac
542 3042 596 3102 re,
622 3032 656 3088 et
674 3022 891 3102 communis,
920 3035 956 3090 et
972 3021 1078 3090 vestri
1131 3022 1306 3103 domest,
1337 3018 1425 3110 quin
1453 3019 1541 3087 tales
1566 3031 1710 3110 propter
1740 3011 1826 3086 haec
1853 3017 2016 3085 scandala
2040 3014 2117 3086 Deo

94 3118 242 3216 periculi
255 3119 429 3188 rationem
449 3113 587 3191 habete.
639 3117 778 3189 Deinde
795 3121 900 3192 etiam
921 3121 1080 3210 cogitate,
1132 3143 1262 3211 poenm
1283 3121 1402 3189 daturi
1424 3119 1509 3193 sint.
1553 3118 1670 3215 Multa
1692 3121 1858 3188 nunciata
1881 3131 1963 3187 sunt
1980 3113 2118 3211 hisan-

94 3221 246 3312 aegrotis
273 3213 345 3289 has
384 3219 652 3290 vociferationes
683 3223 876 3292 admodum
914 3223 1079 3303 molestas
1130 3222 1187 3289 nis
1219 3221 1392 3312 prodigia.
1449 3221 1651 3313 *conspecti
1685 3220 1778 3289 intra
1816 3219 2012 3289 triennium
2047 3231 2118 3289 tres

94 3346 178 3397 esee.
236 3320 419 3393 interdum
441 3321 546 3392 etiam
567 3323 800 3413 perterrefieri
819 3323 981 3414 gravidas
998 3348 1080 3393 mu·
1128 3321 1310 3407 Comama,
1349 3344 1538 3394 concussae
1564 3320 1673 3414 Alpes
1704 3335 1936 3402 terraemotu,
1973 3345 2117 3414 quassa-

94 3426 196 3499 lieres
209 3418 266 3493 his
290 3422 496 3498 ululatibus.
544 3419 704 3514 Cogitate
726 3425 831 3495 etiam
849 3440 1021 3518 quantum
1039 3420 1078 3496 hi
1130 3440 1184 3496 tae
1216 3438 1301 3496 sunt
1330 3435 1545 3495 terraemotu
1586 3437 1621 3494 et
1656 3423 1755 3514 ripae
1786 3417 1919 3494 Rheni.
1958 3417 2121 3493 Omitto.

94 3549 224 3611 mores,
249 3537 284 3596 et
308 3519 393 3595 haec
416 3524 573 3616 exempla
595 3549 718 3615 graves
741 3540 775 3596 et
796 3520 962 3597 honestos
983 3527 1079 3596 viros
1128 3526 1198 3596 alia
1221 3526 1341 3597 multa.
1400 3526 1497 3597 Haeo
1519 3525 1680 3618 prodigia
1704 3523 1949 3595 existimantur
1972 3547 2118 3615 magnas

94 3628 292 3712 offendant,
318 3649 471 3721 quorum
494 3625 625 3696 iudicia
642 3642 868 3699 contemnere
889 3629 1076 3720 plusquam
1129 3628 1342 3699 calamitates
1379 3643 1416 3701 et
1452 3628 1683 3727 mutationes⁸
1701 3623 1933 3717 Reipublicae
1973 3642 2117 3718 porten-

94 3726 272 3804 barbaries
290 3743 353 3799 est.
395 3725 579 3798 Postremo
594 3743 808 3800 mementote
825 3755 888 3799 vos
905 3730 943 3798 iu
957 3726 1077 3800 schola
1129 3732 1223 3798 dere.
1271 3726 1342 3800 Sed
1375 3729 1611 3800 certissimum
1644 3729 1861 3819 praesagium
1895 3741 1946 3798 est
1977 3730 2117 3820 impen·
2148 3784 2153 3790 .

94 3832 228 3916 rivere,
250 3842 288 3903 et
306 3829 455 3920 cogitate
476 3843 649 3922 quantum
672 3855 793 3900 revera
809 3831 989 3920 dignitatis
1012 3826 1076 3900 ha·
1129 3832 1290 3901 dentium
1324 3832 1562 3903 celebritatum
1597 3825 1684 3900 berec
1716 3823 1900 3901 horribilis
1933 3829 2116 3921 dissipatio

94 3936 173 4007 best
186 3932 257 4002 vita
271 3925 490 4011 scholastica,
514 3943 549 4000 et
564 3946 695 4024 quanta
714 3932 866 4001 vicissim
883 3935 1077 4004 moderatio
1128 3932 1349 4025 discipliuae.
1399 3929 1575 4004 Omnium
1594 3931 1690 4001 enim
1706 3944 1860 4001 aetatum
1880 3925 2117 4011 historiaete-
2225 3929 2235 3941 ’

94 4032 243 4109 inomni
259 4031 375 4104 officio
390 4031 614 4126 requiratur.¹
652 4033 694 4104 ln
713 4034 824 4103 nullis
843 4034 964 4104 castris
981 4049 1077 4106 tanta
1128 4048 1287 4120 stantur,
1315 4036 1430 4105 soluta
1457 4034 1663 4124 disciplina,
1695 4045 1730 4103 et
1761 4033 1876 4123 palam
1910 4032 2115 4102 confirmata

94 4136 233 4210 lieentia
261 4135 436 4205 militibus
462 4133 685 4220 conceditur,
717 4150 889 4225 quantum
917 4138 1077 4206 nuncin
1128 4136 1290 4220 licentia,
1314 4135 1432 4207 statim
1460 4149 1579 4205 secuta
1602 4156 1675 4204 csse
1697 4133 1834 4203 excidia
1856 4134 2056 4218 civitatum,
2082 4147 2117 4203 et

94 4237 259 4313 omnibus
286 4238 393 4307 rebus
421 4235 488 4305 sibi
517 4251 661 4306 sumunt
691 4231 904 4308 scholastici.
959 4244 1077 4330 Atque
1128 4237 1359 4328 imperiorum
1375 4238 1551 4308 interitus.
1587 4234 1895 4325 Quemadmodum
1913 4237 2008 4304 enim
2027 4248 2122 4305 tem·⁴

94 4342 129 4433 in
160 4334 291 4410 scholis
320 4338 439 4407 decuit
467 4360 542 4407 esse
568 4339 821 4410 sanctissimam
843 4338 1078 4430 disciplinam.
1129 4352 1277 4431 pestates
1297 4343 1392 4410 certo
1405 4354 1570 4410 venturas
1583 4337 1800 4408 denunciant
1825 4338 1953 4406 nubes:
1988 4337 2036 4405 ita
2059 4336 2116 4406 di*
2153 4357 2156 4365 ·

94 4441 232 4534 Quaeso
247 4439 342 4509 eninr
358 4439 576 4509 considerate
591 4441 682 4511 vitae
696 4463 818 4530 gensis.
861 4438 1076 4534 Quanquam
1128 4441 1299 4531 sciplinae
1308 4440 1525 4532 perturbatio
1539 4452 1905 4530 etcontemptuscerto
1918 4439 2115 4528 significant

94 4542 187 4632 euim
203 4541 266 4612 alii
280 4541 423 4611 ordines
442 4536 628 4611 hominum
648 4543 686 4611 in
707 4542 857 4633 speciem
876 4542 997 4612 titulos
1012 4538 1077 4611 ha·
1129 4543 1333 4633 impendere
1346 4541 1604 4632 rebuspublicis
1616 4542 1775 4630 ingentes
1788 4540 2011 4613 calamitates.
2042 4536 2130 4610 Nc-'

94 4649 198 4719 bearn
224 4643 501 4735 splendidiores,
532 4656 649 4713 tamen
679 4668 802 4713 revere
831 4644 1077 4732 magnitudine
1129 4644 1232 4711 mesis
1249 4644 1343 4712 enim
1362 4643 1505 4732 castigat
1522 4643 1773 4733 petulantiam,
1798 4657 1832 4711 et
1846 4643 1945 4723 Deus
1959 4637 2017 4712 bis
2030 4667 2114 4733 poe-

94 4745 318 4843 professionis
334 4745 509 4814 antecellit
523 4744 594 4814 vita
614 4741 820 4815 scholastica
835 4745 1001 4814 omnihus
1017 4769 1077 4814 oc·
1129 4745 1185 4814 nis
1209 4746 1363 4814 domitos
1393 4740 1555 4814 homines
1582 4758 1721 4813 revocat
1747 4746 1792 4813 ad
1823 4728 2112 4828 moderationem,

94 4849 247 4922 dinibus.
297 4845 378 4915 Non
395 4846 473 4937 plus
488 4847 668 4935 dignitatis
680 4860 748 4930 cst,
772 4847 804 4915 si
820 4869 873 4914 res
889 4847 1075 4914 aestimen-

94 4966 160 5035 tur,
185 4972 259 5019 non
274 4948 382 5030 tituli,
407 4949 445 5016 in
463 4971 593 5037 regum,
617 4949 831 5039 principum,
856 4949 1075 5040 pontificum,
1127 4948 1380 5040 adolescentes,
1422 4962 1462 5017 ut
1496 4948 1572 5031 sitis
1604 4947 1851 5030 modestiores,
1891 4971 1937 5015 ne
1967 4946 2112 5016 irritetis

94 5050 346 5143 Episcopornm
372 5049 632 5132 functionibus,
666 5045 769 5141 quam
795 5051 833 5117 in
859 5044 1074 5121 scholastica.
1127 5047 1254 5135 Deum,
1272 5064 1311 5121 ut
1326 5049 1477 5141 publicis
1492 5047 1749 5118 calamitatibus
1764 5048 1889 5136 puniat
1901 5044 1994 5119 hanc
2009 5048 2112 5118 elfre-

94 5154 164 5227 Nos
184 5154 279 5222 euim
297 5151 453 5221 veritatis
474 5167 507 5221 et
527 5151 684 5220 iusticias
708 5150 974 5244 inquisitionem
990 5175 1076 5241 pro-
1127 5175 1208 5218 nem
1240 5152 1520 5221 contumaciam.
1563 5145 1743 5220 Prohibeo
1775 5150 1893 5242 itaque
1925 5151 2112 5244 autoritate

94 5257 250 5339 memor,
272 5253 401 5347 quibus
416 5253 521 5321 bonis
536 5247 629 5320 nihil
646 5252 803 5320 divinius
821 5247 926 5323 habet
947 5248 1075 5322 huma·
1126 5251 1372 5341 Magistratus,
1404 5276 1510 5345 quem
1531 5273 1632 5340 gero,
1664 5265 1698 5320 et
1719 5253 1762 5319 de
1778 5252 1953 5321 sententia
1969 5270 2111 5320 senatus

94 5382 175 5431 eum
194 5379 316 5448 genus.
366 5353 416 5426 Et
430 5350 555 5424 harum
572 5378 691 5433 rerum
707 5377 774 5445 ope
788 5355 921 5443 regitur
937 5367 971 5426 et
987 5379 1076 5424 con·
1125 5353 1354 5440 Academiae,
1387 5368 1580 5424 nocturnas
1603 5353 1891 5443 vociferationes,
1921 5365 1956 5424 et
1978 5353 2111 5424 tumul-
