4546 5760
45 178 127 267 Μ
428 177 686 258 SCRIPTA
720 177 797 256 An
829 178 1025 282 VJTAM
1055 176 1133 253 ΕΤ
1166 175 1402 255 OBITUM
1433 178 1733 257 ustauhts.
2020 184 2097 261 294
2172 274 2175 285 Ι

52 352 122 431 No.
140 352 258 435 7140.
513 416 517 421 .
704 387 733 429 a.
754 372 860 439 1560.
889 370 949 437 lb.
965 364 1053 429 una.
1104 356 1243 427 coelum
1267 370 1494 449 praeceptore
1515 380 1580 427 suo
1599 354 1705 429 Helie
1728 358 1889 441 sublato,
1920 358 2032 445 tristi,
2062 372 2098 429 et

59 450 235 483 *Ν
262 522 265 527 ,
306 532 311 541 ,
343 478 347 487 ·
693 462 1052 507 w
1103 458 1247 549 lugubri
1262 483 1348 531 voce
1366 460 1798 549 ingeminando,-abitum
1812 460 1870 530 sul
1885 460 2097 553 Praecepto-

174 654 182 673 !
213 618 216 623 ⁴
393 564 632 679 Scriptum
647 560 714 653 F,
1103 562 1154 631 ris
1170 561 1352 653 deplorat,
1375 562 1547 633 clamans:
1574 562 1680 633 Pater
1693 564 1763 649 mi,
1787 564 1970 657 patermil
2002 562 2097 635 Cur-

1102 687 1163 735 rus
1181 662 1306 749 lsrael,
1332 676 1366 732 ct
1388 664 1510 753 auriga
1533 664 1627 735 eius:
1659 664 1703 741 ¹ld
1727 688 1795 735 nos
1815 690 1959 759 quoque
1980 668 2096 737 facere

136 742 222 807 ω·
237 743 489 807 'ffl'm‘u
504 742 633 804 mm
649 742 694 803 ¹¹¹
711 742 856 803 ‘'lm''
871 740 962 805 Μ·
1102 766 1215 835 multo
1243 766 1391 857 aequius
1421 780 1483 840 est.
1543 762 1688 837 Occidit
1718 768 1837 853 enim,
1869 764 1941 838 heu
1965 768 2096 839 occidit

122 912 226 969 Oratio
238 911 361 969 fenebris
376 910 408 965 in
422 912 527 965 obitum
542 908 765 983 incorruptubilis
777 910 828 964 riri
844 910 875 966 P.
888 904 1050 963 Melantho·
1100 864 1245 953 Remota
1269 880 1305 937 ei
1322 868 1540 959 flubemalm'
1556 891 1716 939 mmmm
1734 864 1948 952 ⁵⁰h⁰l³mms
1974 886 2009 943 ‘il
2023 866 2095 940 Ec·

159 984 203 1037 nis
224 982 255 1037 in
279 980 430 1037 Academia
447 980 635 1047 Tobingcnsi,
652 981 711 1063 'die
736 978 842 1035 decima
865 977 961 1098 quintp
982 976 1048 1031 Maii
1100 970 1300 1043 elegiarum,
1351 966 1452 1057 Quae
1465 970 1575 1059 igitur
1595 971 1834 1060 ingratitudo,
1857 996 1948 1065 quae
1965 972 2095 1065 impie-

154 1048 1049 1199 l„¹t.‘lll.⁸⁶÷lii:','f¹lalltiljlt‘slf⁰'iessii‘liitzlff
1100 1086 1159 1191 ¹³⁵,
1168 1072 1280 1141 maior
1294 1071 1365 1141 ‘¹⁵⁰⁵
1382 1084 1445 1189 3¹st
1457 1072 1647 1164 excogitari
1659 1074 1780 1167 possit,
1806 1097 1914 1168 quam
1928 1074 2096 1147 talisviri

154 1190 234 1245 1500.
251 1190 320 1261 ⁴pl.
337 1191 364 1247 4.
382 1216 418 1231 -·
451 1188 561 1243 Reeusn
577 1208 608 1242 ex
625 1189 745 1242 editione
758 1196 806 1241 aut
817 1186 987 1257 'l'ubrngansr
1001 1194 1049 1237 sut
1100 1176 1202 1247 ohllu
1217 1198 1292 1244 non
1306 1174 1421 1245 afflet?

155 1258 359 1331 Wirebeegemi
380 1258 410 1311 io
429 1258 463 1315 ⁶.
484 1256 864 1323 T.Scrobe1dllllilccltoaun
881 1254 1047 1335 litetotllcbca

155 1324 1048 1462 Eiiiiiii-iiii·eitimpieiiin⁸iii'iiiiiioi'iiriiioiiialipii-
1204 1376 1297 1451 Cum
1327 1378 1438 1469 igitur
1467 1380 1679 1451 desummo
1733 1394 1770 1453 et
1800 1380 1855 1449 clo
1956 1382 1982 1452 t'
2020 1379 2031 1400 ⁶

773 1436 782 1451 .
954 1430 963 1459 ,
1686 1435 1697 1466 ,
1858 1403 1953 1474 quen
1971 1406 2094 1455 rssuno

155 1465 421 1588 uptta'qseripu,
441 1483 513 1587 ‘¹3⁸‘
526 1462 981 1586 edite-uniusmorqt’hitplet.
995 1474 1048 1517 ²¹⁰·
1101 1483 1200 1567 viro,
1238 1482 1296 1551 cni
1322 1480 1429 1552 eliam
1455 1478 1644 1567 Erasmus,
1682 1484 1722 1553 in
1748 1508 1813 1555 suo
1838 1480 2093 1569 Ciceroniano,

199 1546 1048 1663 “ticinliiiuciiiiia'a‘iiriiiniife-mifffuhgiiitiihEnii
1102 1586 1234 1676 primas
1247 1584 1342 1655 inter
1355 1584 1561 1677 eloquentes
1575 1607 1640 1654 suo
1654 1599 1813 1678 tempore
1828 1586 1968 1671 tribuit,
1985 1590 2094 1658 verba

158 1672 230 1757 '¹⁶³1
248 1673 291 1727 ⁸³⁰
302 1674 556 1795 ἱωῖιῖΡἪὶιῙῖξ·
569 1672 738 1795 tleerbnpdi
752 1674 863 1795 lffil‘·
875 1670 1050 1791 Metanphqqp
1101 1689 1173 1759 sint
1189 1686 1369 1770 facienda,
1394 1682 1523 1757 Oratio
1537 1687 1788 1779 requirebatur
1803 1688 2101 1781 eloquentissimi,-

155 1754 822 1883 iiiiiiriiliiiiuminisbiioeliieiiiuei
835 1758 1051 1863 'lepriniitiuinu
1102 1804 1177 1863 arte
1198 1790 1397 1873 elaborata,
1425 1788 1615 1881 exquisita,
1640 1808 1676 1861 et
1696 1791 1878 1875 absoluta,
1904 1814 1995 1885 quae
2016 1794 2096 1863 lau·

155 1898 242 1939 seusa
255 1880 490 1963 exponitur'tum
504 1881 658 1935 calumniae
671 1883 776 1953 aliquot
788 1879 1049 1947 Witebergensium
1104 1892 1240 1963 dibmi
1267 1890 1341 1961 sius
1363 1916 1420 1959 am
1445 1890 1591 1959 lissimjs
1677 1893 1711 1961 qe
1739 1896 1824 1962 dore
1847 1916 1912 1962 3⁰0

156 1952 327 2023 deteguntur
345 1958 373 2003 nt
393 1917 547 2008 «hinnulus.
583 1952 668 2024 Neap.
690 1948 1017 2021 Neme1.1598.8.7pt.
1243 1915 1266 1982 p
1399 1915 1445 2009 ‚p
1600 1916 1676 1985 ’sp
1711 1917 1737 1963 n
1936 1918 2001 1985 par
2020 1918 2096 1965 ωε

791 2044 797 2051 ·
1106 2007 1232 2087 posset.
1270 1991 1364 2063 Nam
1380 2015 1411 2061 u
1425 1992 1668 2063 Alexandrum
1684 1994 1858 2085 Magnum
1872 1990 2008 2087 nephas
2021 2011 2098 2067 erat

61 2122 175 2221 (Ino.
197 2122 503 2197 Heerhrandi
526 2126 648 2196 oratio
663 2125 841 2227 funebris
856 2124 896 2195 in
914 2122 1051 2195 obitum
1104 2096 1175 2167 ”lii
1199 2122 1219 2165 ὅ
1243 2094 1417 2188 1¹Y⁸ll³l³⁰2
1448 2108 1485 2165 el
1506 2092 1648 2185 All²ll⁴²s
1674 2098 1984 2188 Pl³⁰⁸l²¹¹ll⁸³lffl5⁸
2007 2100 2096 2184 afll-

62 2221 130 2303 Ρῇ,
144 2222 241 2301 Md,
265 2218 402 2298 habau
428 2224 543 2304 415·
560 2226 669 2301 May,-
692 2230 733 2301 pn
751 2224 956 2303 Academia
972 2222 1053 2297 Tu,
1105 2198 1228 2267 ficibus
1249 2196 1352 2283 hugi:
1382 2194 1458 2265 Cur
1478 2192 1687 2289 Philippum
1709 2213 1764 2269 ter
1781 2200 2000 2285 maximum,
2025 2200 2096 2270 nisi

10 2886 21 2938 l

10 3439 18 3504 l

456 2329 656 2430 ῥίψω.)
1105 2326 1124 2369 a
1139 2298 1287 2369 summis
1302 2298 1473 2386 ingeniis,
1499 2311 1533 2367 et
1548 2301 1683 2369 artibus
1696 2302 1852 2371 dicendi
1863 2302 2096 2372 instructissi-

1104 2403 1192 2488 mis,
1218 2400 1438 2471 laudandum
1455 2400 1760 2473 existimabimus?

60 2484 311 2577 convenimus
324 2496 514 2586 Magnifice
530 2496 674 2585 flector,
702 2499 878 2573 Generosi
896 2498 1052 2571 Comites
1399 2500 1402 2504 ’

60 2618 92 2677 et
104 2602 289 2686 Berones,
311 2598 464 2671 Senatus
485 2602 719 2692 amplissime,
745 2599 1053 2695 ornatissimaque
1208 2594 1287 2689 Ego
1305 2624 1406 2685 vero,
1428 2624 1509 2671 cum
1525 2604 1570 2671 ab
1586 2603 1652 2673 ista
1669 2605 1814 2674 dicendi
1833 2604 2000 2674 facultate
2017 2604 2095 2673 lon·

61 2704 218 2785 concio,
240 2704 288 2772 ad
314 2700 512 2771 'l'umulum
534 2697 766 2777 honorarium
790 2706 942 2776 Domini
958 2698 1052 2775 Plei-
1106 2700 1248 2793 gissime
1263 2702 1457 2788 absim„et
1471 2728 1569 2775 meae
1584 2701 1676 2775 mihi
1700 2706 1862 2776 conscius
1886 2706 1953 2775 sim
1977 2706 2098 2775 infan-

61 2806 156 2907 lr'ppr'
169 2796 457 2890 Mlauhomk,
489 2805 552 2897 qui
567 2806 694 2879 lllcnse
717 2810 906 2899 praeterito
923 2834 966 2879 ex
988 2804 1054 2877 hac
1107 2805 1194 2890 tiae,
1219 2805 1394 2896 plurimos
1409 2830 1552 2899 quoque
1564 2807 1603 2876 iu
1620 2805 1688 2878 hoc
1705 2822 1807 2880 coctu
1820 2807 2098 2879 clarissimorum

61 2914 190 2983 misera
210 2920 248 2979 et
265 2930 477 2979 aerumnosa
498 2908 570 2979 vita
588 2912 753 2997 decessit,
780 2936 928 3005 eamque
950 2910 1053 2981 foeli-
1106 2906 1286 2987 virorum,
1312 2901 1482 2977 Oratoria
1498 2910 1709 2995 instructos,
1735 2906 1896 3003 mihique
1912 2906 1977 2979 hac
2003 2910 2041 2978 in
2059 2934 2099 2979 rc

61 3014 147 3087 citer
169 3034 254 3083 cum
279 3010 340 3079 illa
355 3010 476 3095 beata,
502 3024 535 3080 et
551 3028 721 3105 perpetua
736 3014 968 3085 commutavit
989 3012 1055 3109 (si-
1107 3034 1233 3103 parum
1250 3010 1439 3080 exercitato
1454 3010 1561 3101 longe
1580 3013 1791 3103 praecellere
1807 3036 1926 3082 coram
1940 3012 2098 3082 videam:

61 3129 118 3191 rut
138 3114 190 3187 ad
213 3136 281 3183 nos
301 3136 397 3183 nona
422 3108 530 3183 huius
554 3114 690 3185 Mensis
711 3119 943 3209 perscriptum
972 3112 1054 3212 esa)
1107 3112 1234 3183 merito
1249 3110 1412 3181 omnium
1429 3112 1648 3187 incurrerem
1664 3114 1703 3183 in
1720 3108 2043 3205 reprehensionem,
2068 3114 2099 3183 si

61 3218 153 3293 iusta
173 3216 210 3287 ei
229 3214 374 3301 facturi,
406 3228 442 3285 et
464 3219 646 3308 exequias,
678 3233 966 3311 postremumque
987 3212 1055 3288 hoc
1108 3240 1185 3285 mea
1205 3227 1332 3305 sponte
1353 3208 1417 3283 has
1433 3216 1575 3285 dicendi
1599 3230 1714 3309 partes
1734 3216 1973 3306 suscepissem.
2026 3212 2099 3284 Ve-

64 3318 206 3417 pictatis
244 3316 401 3388 officium
438 3320 655 3408 praestituri.
731 3317 786 3391 Ex
820 3322 921 3393 cuius
954 3322 1056 3391 obitu
1109 3342 1188 3387 rum
1219 3341 1300 3386 cum
1332 3330 1367 3387 et
1389 3316 1654 3389 illustrissimus
1683 3334 1805 3390 noster
1833 3316 2002 3409 Princeps
2034 3340 2099 3408 pro

65 3444 189 3501 amnes
204 3418 259 3515 pii
275 3433 311 3490 et
326 3419 414 3488 boni
431 3419 556 3510 ingens
577 3446 742 3511 accepere
755 3423 905 3503 vulnus,
932 3447 972 3492 ac
987 3447 1057 3513 pu·
1109 3418 1280 3508 singulari
1295 3440 1358 3486 sua
1376 3433 1411 3488 ct
1432 3421 1621 3511 principali
1637 3444 1718 3511 erga
1743 3420 1879 3505 studia,
1901 3432 1936 3489 et
1951 3414 2101 3489 Scholas

65 3526 180 3599 tttem
200 3534 238 3593 et
251 3521 451 3593 communis
471 3524 579 3593 totius
593 3520 773 3595 Ecclesiae
794 3538 829 3594 et
844 3520 1056 3595 Scholarum
1109 3520 1319 3604 Clementia,
1337 3519 1374 3587 id
1390 3523 1528 3590 anobis
1544 3522 1748 3612 postularet,
1772 3520 1822 3591 Et
1830 3520 1981 3593 Senatus
1997 3517 2101 3591 scho-

66 3630 183 3701 luttns
204 3638 277 3711 est,
301 3648 392 3719 quae
415 3626 550 3716 optimo
566 3641 599 3697 el
621 3627 826 3697 fidelissimo
838 3624 993 3697 Doctore
1017 3652 1058 3697 ac
1110 3624 1164 3691 lae
1179 3620 1419 3712 amplissimus
1433 3617 1502 3693 hoc
1525 3625 1642 3714 ipsum
1660 3625 1703 3693 ad
1720 3624 1877 3695 officium
1899 3646 2003 3693 suurn
2022 3647 2101 3713 per-

67 3728 568 3821 Pracceptoresuntorbatac.
612 3728 943 3823 Quod-sinuquam
959 3752 1058 3799 casus
1110 3726 1223 3796 tinere
1248 3724 1439 3810 iudicaret,
1470 3726 1591 3795 statim
1618 3728 1786 3795 nunciata
1813 3740 1927 3796 morte
1952 3724 2020 3794 viri
2043 3727 2101 3793 iu-

71 3832 199 3929 aliquis
230 3854 307 3901 non
338 3832 447 3899 modo
475 3824 634 3916 Scholis,
669 3834 730 3901 sed
757 3833 863 3902 etiam
890 3828 1059 3901 Ecclesiis
1088 3826 1373 3918 comparabilis,
1398 3828 1527 3897 debitis
1544 3852 1625 3899 eum
1641 3828 1806 3899 laudibus
1823 3852 1964 3909 ornare,
1991 3823 2102 3896 mihi-

73 3936 239 4009 omnibus
252 3932 383 4017 tristis,
408 3945 443 4001 et
458 3934 605 4002 acerbus
620 3936 787 4004 accidisse
802 3934 915 4002 videri
932 3934 1059 4025 potuit,
1112 3954 1181 4024 que
1202 3944 1373 4021 tanquam
1396 3928 1570 4021 discipulo
1593 3931 1724 4022 ipsius,
1751 3930 1813 4023 qui
1835 3954 1916 3999 eum
1939 3930 2103 4021 pluribus

74 4032 130 4109 hic
150 4050 247 4109 eene
271 4034 385 4105 multo
409 4036 560 4104 maxime
583 4038 745 4107 omniurn
768 4031 976 4129 Lachrymis
997 4038 1060 4103 de-
1112 4032 1217 4103 annis
1233 4034 1419 4101 docentem
1440 4032 1636 4117 audierim,
1661 4033 1789 4125 cuique
1814 4028 1962 4103 historia
1983 4032 2105 4103 notior

76 4140 269 4233 plorandus
300 4138 379 4209 erit.
440 4134 565 4231 Neque
595 4162 740 4229 parvam
776 4138 946 4209 iacturam
979 4137 1061 4208 fecit
1113 4137 1176 4220 sit,
1202 4158 1309 4228 quam
1326 4133 1421 4205 forte
1438 4135 1536 4216 aliis,
1562 4135 1777 4219 iniunxerit,
1802 4148 1837 4205 et
1857 4156 1921 4225 ego
1940 4136 2103 4227 precibus

77 4238 231 4337 llcspnh.
244 4234 465 4324 Christiana,
491 4253 590 4309 tanto
608 4240 685 4309 viro
708 4241 856 4330 privata.
905 4237 1062 4331 Ereptus
1114 4240 1243 4307 frustra
1267 4235 1475 4306 reluctando
1497 4232 1590 4306 nihil
1614 4237 1837 4329 proficerem,
1864 4237 1966 4307 nolui
1983 4237 2104 4306 odiose

81 4358 127 4417 est
145 4344 243 4415 enim
266 4342 371 4413 terris
395 4339 461 4409 Vir
490 4343 809 4433 praestantissimus
832 4354 868 4411 et
889 4364 1063 4428 summus,
1114 4362 1336 4431 repugnare,
1370 4363 1415 4409 ue
1448 4340 1505 4407 rel
1534 4339 1694 4429 ingratus
1728 4362 1809 4430 erga
1841 4354 2104 4431 praeceptorem

82 4448 207 4539 optime
236 4446 281 4513 de
312 4458 385 4515 lota
412 4438 570 4515 Ecclesia
602 4446 674 4515 suis
697 4446 881 4515 laboribus
904 4444 1064 4523 meritus,
1116 4444 1292 4536 praeclare
1308 4443 1352 4510 de
1370 4442 1627 4527 momentum,
1653 4443 1711 4513 cui
1727 4442 1848 4515 omnia
1863 4465 1961 4525 mea,
1985 4456 2025 4511 ut
2041 4442 2103 4511 dc-

85 4552 223 4641 pictate,
250 4546 381 4619 virtute
401 4546 594 4637 sapientia,
619 4562 654 4617 et
670 4547 870 4639 eloquentia
888 4548 1062 4617 excellen—
1116 4548 1204 4629 beo,
1242 4556 1382 4633 accepta
1408 4539 1543 4630 refero,
1585 4545 1643 4613 vel
1669 4545 1826 4615 laborem
1852 4544 2106 4634 subterfugere,

85 4650 252 4737 domus,
277 4650 379 4719 cuius
397 4648 580 4738 ingenium
606 4650 710 4741 plane
733 4651 803 4722 fuit
826 4650 1009 4736 divinum,
1031 4663 1064 4719 et
1116 4660 1179 4719 aut
1195 4644 1348 4719 Senatus
1368 4647 1593 4717 autoritatem
1612 4647 1827 4737 parvifacere
1857 4646 1967 4741 (quae
1985 4648 2105 4716 omnia

85 4752 299 4825 domicilium
317 4752 463 4845 spiritus
479 4753 609 4837 sancti,
632 4752 786 4824 eruditio
802 4751 1007 4844 multiplex,
1031 4767 1066 4823 et
1097 4775 1137 4820 ·a
1157 4772 1214 4819 me
1244 4746 1459 4818 alienissima
1487 4771 1560 4819 esse
1589 4746 1690 4843 volo)
1720 4748 1912 4817 iudicaret:
1948 4750 2009 4819 sed
2038 4745 2106 4819 hoc

43 4902 47 4909 ·
86 4878 165 4947 pene
188 4853 422 4929 incredibilis.
473 4852 541 4926 Cui
564 4878 679 4947 neque
702 4868 796 4926 terra
819 4855 920 4939 tulit,
950 4878 1066 4949 neque
1117 4852 1362 4947 qualecunque
1380 4850 1540 4943 pietatis,
1566 4864 1603 4921 et
1620 4850 1846 4938 gratitudinis
1864 4850 2020 4920 officium
2041 4876 2105 4945 po·

19 4962 25 4977 '
87 4956 140 5031 Sol
153 4956 215 5031 hic
230 4957 366 5049 aspexit
381 4956 546 5041 similem,
571 4958 672 5029 cuius
686 4960 743 5027 vel
757 4958 796 5027 in
810 4957 1066 5047 rempublicam
1117 4970 1286 5025 stremum
1307 4966 1501 5044 praestare,
1526 4966 1561 5021 et
1580 4976 1806 5045 quocumque
1829 4966 1958 5022 eventu
1984 4954 2023 5021 iu
2042 4950 2106 5023 hac

85 5061 294 5147 literariam,
327 5060 385 5130 vel
408 5061 447 5129 iu
467 5056 678 5145 Ecclesiam,
710 5061 842 5154 quibus
864 5060 1068 5130 fidelissime
1118 5056 1264 5127 materia
1287 5056 1474 5145 occupari,
1509 5054 1609 5146 pium
1636 5077 1710 5123 esse
1735 5056 1943 5128 existimavi.
1996 5054 2108 5147 ldque

87 5180 117 5237 ct
135 5166 277 5237 utiliter
298 5161 505 5252 longissimo
531 5178 708 5254 tempore,
742 5164 852 5233 nullis
882 5163 1068 5233 laboribus
1119 5186 1160 5231 co
1176 5158 1314 5228 facilius
1331 5152 1421 5227 mihi
1442 5158 1644 5248 persuaderi
1666 5181 1785 5248 passus
1805 5182 1900 5241 sum,
1926 5159 2021 5249 quod
2048 5181 2110 5246 per

82 5292 229 5361 parcens
246 5266 404 5351 servivit,
429 5266 556 5335 merita
570 5278 688 5335 extent
703 5266 820 5357 plura,
847 5279 908 5335 aut
923 5266 1069 5339 maiora.
1119 5289 1156 5333 se
1172 5262 1246 5331 suis
1261 5261 1414 5353 scriptis,
1437 5262 1543 5330 rebus
1559 5260 1836 5351 praeclarissime
1853 5260 1972 5349 geslis,
1996 5260 2110 5329 virtu-

11 5416 17 5433 «
82 5370 201 5464 Quare
218 5370 317 5465 quod
332 5358 530 5438 Helisaeus
553 5362 747 5461 propheta,
773 5390 881 5439 curru
906 5369 1010 5459 igneo
1030 5372 1071 5439 in
1120 5366 1235 5450 tibus,
1266 5362 1339 5433 vita
1361 5363 1515 5457 denique
1539 5362 1768 5455 integerrime
1792 5374 1887 5447 acta,
1918 5362 2041 5431 clarus
2056 5362 2127 5437 s’xx,

1503 5458 1588 5502 tn*
