4546 5760
100 170 174 251 sss
479 162 734 253 scutras
764 169 845 248 so
868 135 1073 269 ‚vrrsu
1100 162 1176 276 apr
1210 135 1448 244 ostrum
1470 146 1776 251 Mensura
2061 166 2136 249 aso

99 344 146 419 tis
159 344 243 431 tuis,
267 342 329 415 vix
344 367 486 437 sperare
500 348 652 440 amplius
664 368 868 439 possumus:
893 357 1012 415 tamen
1024 343 1094 413 du·
1144 364 1225 412 rum
1245 335 1483 413 Ecclesiarum
1507 335 1689 433 Augustae
1712 339 1868 415 exhibita
1895 337 2138 429 anno-1680,

96 446 217 520 bitarc
243 470 319 518 nou
341 448 529 534 debemus,
554 451 644 543 quin
659 447 756 520 Deus
777 449 881 518 etiam
898 469 962 537 per
979 446 1094 515 imbc-
1145 456 1179 516 et
1202 442 1310 514 simul
1329 442 1436 514 etiam
1456 443 1609 515 aliarum
1621 444 1783 516 omnium
1799 444 2058 539 professionum
2075 465 2134 514 ar-

98 548 257 622 cilleset
279 549 398 620 miuus
418 562 565 622 ornatos
580 550 688 623 tantis
705 550 827 635 donis,
853 547 973 620 efficax
992 548 1093 617 futu·
1126 557 1196 616 *tes
1213 544 1364 616 fideliter
1378 558 1414 616 et
1429 545 1564 616 sincere
1583 547 1683 642 quasi
1706 571 1769 640 per
1789 569 1916 618 manus
1938 546 2133 628 tradamus,

97 672 163 723 rus
182 649 252 737 sit,
282 649 314 721 si
337 674 405 721 uos
428 653 543 723 nostri
566 653 673 725 officii
698 674 890 737 memores,
920 662 1093 741 utsupra
1144 659 1179 717 et
1203 646 1428 738 disciplinam
1452 660 1632 730 tueamur,
1674 664 1814 745 quanta-
1831 670 2020 743 possumus
2046 647 2133 718 dili-

97 742 238 825 diuum
259 765 333 840 est,
365 747 452 824 haec
475 756 572 825 dona
588 754 752 825 coelestia
776 751 985 824 ardentibus
999 750 1093 820 votis
1143 748 1272 840 gentis,
1297 772 1387 842 quae
1401 749 1545 843 quidem
1559 749 1699 822 facilius
1714 752 1787 842 regi
1804 750 1947 846 poterit,
1973 749 2014 837 si,
2036 752 2135 843 quod

96 864 263 1026 petemus
293 877 315 923 a
346 854 421 924 filio
453 853 522 949 Dei
554 870 743 946 regnante,
783 868 818 926 et
853 852 1091 923 ministerium
1143 850 1378 921 necessarium
1393 851 1473 935 erit,
1497 851 1664 923 iuventus
1677 876 1715 923 se
1730 853 1869 926 facilem
1885 867 1920 926 et
1933 854 2134 944 obsequen-

131 953 290 1045 vangelii
303 978 364 1025 sua
378 957 535 1046 potentia
551 970 791 1030 conservante.
840 952 914 1025 Nec
928 954 1091 1025 dubitare
1143 966 1214 1024 tem
1247 953 1405 1044 paternis
1436 954 1743 1027 admonitionibus
1773 955 1905 1027 nostris
1935 952 2134 1048 praebebit,

97 1055 207 1129 mmm
223 1052 551 1155 dehocdehemus,
577 1058 667 1130 sicut
681 1055 1011 1152 plurimospietatc,
1035 1078 1091 1124 sa·
1142 1054 1239 1148 quod
1262 1055 1412 1123 omniuo
1432 1053 1536 1125 faciet
1561 1078 1601 1125 eo
1625 1058 1732 1127 etiam
1751 1056 1962 1143 studiosius,
2001 1067 2042 1125 ut
2065 1047 2144 1125 hac'

97 1157 247 1250 pientia,
269 1157 401 1229 virtute
417 1172 453 1229 et
466 1161 627 1231 doctrina
643 1172 858 1255 praestantes
872 1158 967 1227 viros
981 1180 1091 1246 agno·
1141 1155 1218 1247 ipsa
1230 1179 1372 1226 morum
1387 1157 1633 1228 emendatione
1649 1171 1684 1230 et
1697 1159 1870 1230 modestia
1885 1169 1921 1229 et
1936 1157 1976 1227 in
1992 1156 2135 1227 discen-

96 1272 236 1331 scentes
250 1255 320 1328 Dei
335 1259 504 1339 beneficia
517 1283 581 1352 per
596 1258 693 1333 hunc
708 1273 871 1332 nostrum
886 1271 1090 1351 praecepto-
1141 1258 1188 1326 do
1212 1257 1417 1328 assiduitate
1438 1269 1603 1345 testetur,
1634 1283 1672 1330 se
1697 1261 1799 1333 obitu
1820 1260 1948 1333 talium
1969 1257 2132 1328 viromm

96 1384 174 1431 rem
188 1355 370 1430 Ecclesiae
392 1362 538 1448 collata,
562 1376 596 1434 et
616 1363 839 1434 aestimantes
859 1360 985 1431 merita
999 1359 1037 1428 iu
1054 1382 1091 1428 se
1141 1359 1333 1430 immaturo
1355 1373 1526 1453 tauquam
1551 1360 1652 1451 signo
1672 1362 1745 1433 irae
1769 1362 1911 1433 divinae
1926 1362 2019 1431 serio
2033 1382 2142 1429 com-··

98 1474 134 1534 et
147 1460 243 1531 alios
257 1463 390 1533 multos
405 1464 571 1554 privatim
585 1466 759 1557 profecta,
792 1458 963 1532 habemus
979 1461 1091 1552 parti·
1141 1460 1291 1545 moveri,
1306 1473 1340 1531 et
1346 1456 1461 1530 Deum
1476 1463 1643 1532 ardenter
1658 1462 1833 1552 invocare,
1846 1476 1888 1536 ut
1903 1462 2130 1547 imminentes

97 1561 196 1656 cipes
218 1556 327 1632 huius
347 1566 462 1635 nostri
482 1567 598 1655 gravis
620 1567 755 1650 luctus,
783 1564 845 1660 qui
861 1565 953 1633 serio
968 1563 1091 1633 dolent
1141 1563 1354 1633 calamitates
1368 1562 1525 1655 publicas
1534 1564 1724 1635 clementer
1739 1566 1887 1658 mitiget,
1898 1565 1936 1635 id
1952 1563 2049 1659 quod
2065 1585 2141 1632 au·-

99 1664 144 1734 de
166 1663 364 1734 uecesmia
389 1667 553 1759 quidem,
585 1680 625 1738 ut
647 1665 804 1739 hominis
828 1666 1003 1746 mortalis,
1029 1665 1088 1733 sed
1141 1663 1246 1736 diunt
1263 1686 1367 1734 suum
1383 1678 1642 1756 praeceptorem
1657 1664 1854 1737 Dominum
1863 1661 2072 1758 Philippum
2089 1665 2131 1732 in

97 1763 207 1834 nobis
226 1779 346 1836 tamen
368 1780 401 1835 et
414 1764 592 1839 Ecclesiae
604 1770 791 1840 immatura
806 1779 840 1837 ct
853 1789 1089 1859 praepropera
1141 1766 1218 1858 ipso
1240 1788 1352 1857 agone
1371 1767 1482 1856 magis
1504 1767 1548 1837 de
1560 1764 1718 1838 Ecclesia
1740 1782 1775 1840 et
1788 1764 1980 1839 Academia
1998 1789 2038 1838 ac
2053 1779 2129 1838 toto

98 1864 332 1963 emigratione
359 1861 467 1938 huius
493 1872 656 1940 salutaris
675 1868 861 1942 Doctoris:
900 1868 989 1962 quin
1012 1884 1107 1937 eos·¹
1141 1883 1243 1938 coetu
1261 1867 1474 1938 discentium
1491 1892 1597 1962 quam
1622 1869 1667 1939 de
1688 1892 1750 1940 sua
1772 1883 1887 1941 morte
1908 1883 1969 1941 aut
1982 1890 2128 1940 suorum

98 1966 185 2036 dem
210 1965 317 2037 etiam
339 1961 447 2039 huius
468 1972 681 2063 precationis
700 1986 843 2044 nostrae
857 1970 968 2042 simus
983 1965 1090 2039 habi·
1140 1970 1293 2040 orbitate
1311 1970 1523 2054 sollicitum,
1556 1972 1677 2042 crebra
1698 1971 1978 2062 ingeminatione
2000 1972 2130 2041 arden-

97 2076 170 2137 turt
192 2066 324 2154 socios,
356 2071 542 2142 nobiscum
565 2089 748 2165 rogaturos
767 2072 884 2143 Deum
907 2084 1089 2142 aeternum
1141 2072 1230 2142 tium
1259 2084 1424 2142 votorum
1444 2072 1586 2156 fecisse,
1614 2072 1672 2143 cui
1694 2097 1759 2165 pro
1784 2074 1932 2144 infinitis
1954 2072 2128 2152 bonitate,

98 2181 235 2259 patrem
259 2170 399 2239 domini
413 2174 527 2244 nostri
544 2171 622 2245 lesu
638 2171 790 2260 Christi,
813 2187 856 2245 ut
869 2170 963 2244 hanc
975 2167 1090 2244 Scho-
1139 2174 1428 2261 maguitudiueet
1437 2197 1585 2244 numero
1592 2175 1772 2246 beneficiis
1786 2170 1854 2246 hoc
1864 2187 2079 2268 postremum
2094 2186 2129 2242 et

98 2268 170 2339 lam
195 2283 231 2340 et
244 2266 464 2359 Ecclesiam,
490 2298 580 2367 quac
601 2276 734 2347 multos
754 2297 868 2345 annos
883 2274 1004 2343 sedula
1020 2273 1091 2344 fuit
1141 2273 1226 2359 vile,
1252 2274 1311 2342 sed
1336 2275 1433 2363 pium
1447 2287 1565 2344 mmen
1579 2276 1734 2346 officium
1750 2292 1986 2369 praestemus,
2010 2288 2051 2345 ut
2069 2275 2128 2345 fu-

98 2369 280 2441 uutricula
304 2384 341 2442 et
365 2374 501 2445 doctrix
518 2376 754 2467 plurimorum
771 2378 841 2446 iam
857 2376 993 2446 utiliter
1009 2396 1089 2464 pas-
1141 2397 1209 2444 nus
1228 2377 1303 2445 eius
1325 2376 1370 2444 ad
1392 2374 1508 2445 locum
1526 2378 1728 2467 sepulturae
1745 2381 1957 2449 destinatum
1973 2378 2127 2448 deduca-

98 2469 166 2542 sim
189 2467 485 2563 Rebuspublicis',
524 2472 664 2548 Scholis
686 2493 719 2549 et
739 2475 908 2550 Ecclesiis
931 2475 1089 2547 servien-
1140 2497 1238 2560 mus,
1262 2470 1329 2545 hac
1343 2476 1544 2547 obedientia
1560 2490 1742 2564 testantes,
1767 2504 1834 2550 nos
1851 2493 1889 2550 et
1903 2492 2125 2571 acceptomm
2210 2504 2218 2509 ·

100 2571 211 2657 tium,
233 2573 370 2645 diutius
392 2577 584 2648 clementer
602 2579 795 2661 custodiat,
825 2592 922 2671 regat
946 2590 980 2649 et
1002 2602 1089 2648 con·
1138 2578 1391 2649 heneficiomm
1418 2579 1626 2649 memoriam
1647 2581 1755 2662 tueri,
1792 2595 1828 2653 et
1852 2581 2132 2651 domesticorum·
2186 2605 2189 2611 ’

100 2685 234 2759 servet,
258 2687 301 2745 ut
315 2674 449 2747 sincera
464 2676 651 2770 Evangelii
666 2682 827 2752 doctrina
842 2693 878 2752 et
893 2680 983 2749 aliae
997 2693 1088 2750 artes
1138 2678 1297 2750 defuncti
1314 2680 1547 2769 praeceptoris
1563 2679 1714 2754 orbitate
1725 2682 1819 2754 serio
1834 2682 1939 2755 affici.

101 2774 316 2845 necessariae
340 2779 496 2851 societati
518 2782 654 2870 generis
678 2778 826 2852 humaui
847 2794 883 2852 et
897 2776 1088 2866 Ecclesiae,
1240 2779 1469 2852 Convenietis
1491 2795 1609 2852 autem
1632 2777 1739 2854 hodie
1759 2785 1867 2877 paulo
1889 2794 1971 2853 ante
2000 2802 2127 2852 secun-

101 2875 162 2946 diu
186 2874 317 2946 florere
339 2892 373 2949 et
394 2878 465 2952 late
490 2882 678 2974 propagari
703 2883 787 2953 inde
801 2882 955 2975 possint,
980 2904 1086 2976 quam
1139 2883 1219 2951 dam
1243 2876 1368 2951 horam
1393 2906 1503 2973 prope
1517 2879 1546 2972 ⁸)
1570 2872 1672 2954 aedes
1692 2883 1841 2955 Domini
1856 2880 2034 2977 Philippi,
2062 2880 2127 2951 ubi
2245 2960 2249 2969 ¹

103 2974 144 3047 sd
159 3000 239 3047 rem
257 2990 299 3048 ut
311 2977 433 3049 idonei
449 2984 702 3071 gubernatores
717 2984 755 3053 iu
772 2980 886 3077 loca³)
903 2984 1089 3055 defuncto-
1138 2982 1321 3054 audieritis
1340 2983 1480 3074 siguum
1496 3007 1665 3076 campana
1682 2986 1779 3071 dari,
1805 3000 1840 3058 et
1855 2983 2052 3081 sequamini
2066 2984 2127 3053 fu·

104 3100 181 3149 rum
210 3078 492 3168 substituantur,
521 3080 746 3156 hauddubie
775 3109 881 3156 curae
906 3085 973 3157 erit
1000 3084 1089 3155 lllu-
1138 3107 1206 3154 nus
1236 3107 1349 3178 usque
1378 3085 1418 3153 iu
1449 3087 1620 3178 templum
1640 3080 1859 3163 Parochiale.
1916 3084 2022 3157 Unde
2046 3096 2126 3177 post
2217 3076 2227 3089 ’

104 3176 275 3249 strissimo
296 3178 459 3276 Principi
478 3207 518 3254 ac
538 3185 714 3270 Domino,
745 3185 902 3258 Domino
920 3181 1088 3280 Augusto
1138 3187 1297 3257 auditam
1318 3187 1691 3260 commonefactionem
1715 3190 1761 3261 de
1785 3212 1845 3281 spe
1857 3185 2125 3259 resurrectionis

101 3274 191 3351 Duri
222 3278 416 3370 Saxoniae,
455 3284 493 3360 S.
521 3284 666 3378 lmperii
698 3284 856 3359 Romani
879 3281 1086 3359 Archimar-
1138 3300 1297 3373 nostrae,
1321 3310 1428 3378 porro
1449 3288 1631 3361 deducetis
1651 3288 1743 3361 illud
1766 3290 1805 3361 in
1820 3290 1992 3382 templum
2009 3283 2127 3373 Arcis,
2203 3331 2205 3335 ι

103 3374 242 3451 schalco
256 3378 465 3472 etElectori,
489 3385 648 3478 Principi
665 3384 868 3459 acDomiuo
881 3402 1003 3460 nostro
1016 3390 1087 3458 ele-
1139 3404 1172 3463 et
1187 3388 1409 3460 ibimodeste
1425 3402 1459 3460 et
1473 3405 1674 3462 reverenter
1686 3415 1765 3462 uon
1789 3391 1994 3483 dignissima
2017 3412 2126 3483 quae·

102 3481 343 3565 meritissimo„
377 3487 477 3557 cuius
492 3486 676 3560 Celsitudo
695 3514 798 3581 saepe
819 3488 890 3560 iam
913 3483 1089 3560 evidenti·
1138 3515 1222 3584 que,
1247 3493 1307 3559 sed
1330 3514 1413 3561 suae
1438 3493 1587 3586 quisque
1609 3494 1713 3564 aetati
1729 3507 1764 3563 et
1779 3492 1976 3565 conditioni
1995 3514 2127 3563 conve·

101 3582 163 3653 bns
180 3584 397 3657 testimoniis
411 3612 476 3659 nos
497 3592 734 3676 confirmavit,
764 3595 860 3686 quod
884 3591 969 3663 velit
990 3615 1089 3661 sum·
1137 3592 1271 3662 nientia
1298 3592 1375 3661 loca
1396 3607 1628 3685 occupantes,
1659 3594 1810 3666 audietis
1832 3596 2019 3667 funebrem
2039 3596 2124 3662 'ora-

101 3706 153 3755 mo
169 3685 292 3755 studio
312 3681 405 3759 hanc
418 3687 658 3778 Academiam,
683 3693 722 3763 iu
739 3717 808 3786 qua
824 3695 949 3785 purior
965 3691 1087 3764 Evan-
1137 3693 1270 3765 tionem
1294 3693 1456 3781 recitari,
1488 3708 1524 3766 et
1545 3694 1745 3785 adiungetis
1762 3711 1894 3769 vestras
1906 3716 2026 3789 preces
2042 3717 2122 3765 cum

100 3784 180 3875 gelii
204 3787 267 3855 lux
290 3786 330 3856 in
350 3813 473 3862 omnes
494 3808 609 3884 partes
625 3790 807 3865 christiani
823 3796 920 3868 orbis
944 3796 1087 3883 effulsit,
1136 3796 1317 3867 seniorum
1342 3795 1452 3881 votis,
1483 3780 1590 3867 sim'ul
1611 3797 1796 3868 nobiscum
1816 3811 1974 3892 petentes
2003 3809 2125 3889 prote-

99 3908 156 3959 tua
170 3887 417 3964 munificentia
434 3894 552 3966 fovere
568 3909 603 3966 et
616 3920 835 3972 conservare.
867 3910 873 3923 ¹
1137 3899 1289 3969 ctionem
1310 3909 1345 3969 et
1372 3897 1674 3969 conservationem
1699 3899 1840 3990 piorum
1862 3899 2061 3969 studiorum
2084 3896 2126 3964 in

198 3986 275 4059 Nos
298 4005 458 4086 quoque,
483 4022 572 4090 quos
588 3995 685 4069 Deus
706 3999 821 4069 voluit
843 3994 927 4070 huic
947 3998 1007 4091 pio
1023 4024 1086 4090 pa·
1136 3994 1201 4069 hac
1227 3994 1357 4070 Schola
1389 4012 1424 4069 ct
1446 3996 1616 4075 Ecclesia.
1670 3998 1866 4072 Hortamur
1898 4014 2015 4071 autem
2051 4021 2125 4082 vos,

99 4088 564 4188 trietpracceptoripostro
581 4101 784 4190 superstites
801 4123 892 4187 esse,
917 4101 981 4171 etsi
998 4102 1086 4171 iate÷
1137 4095 1392 4185 scholasticos,
1427 4112 1461 4169 et
1485 4125 1548 4192 per
1569 4100 1684 4172 Deum
1707 4125 1893 4192 rogamus,
1925 4116 1966 4173 nt
1989 4100 2027 4169 in
2049 4112 2123 4169 tota

99 4212 179 4261 mur
212 4215 280 4262 nos
311 4194 489 4268 donorum
521 4203 725 4273 excellentia
758 4201 827 4291 ipsi
853 4216 887 4274 et
917 4203 995 4272 aliis
1023 4228 1085 4271 ne·
1136 4197 1202 4270 hac
1223 4201 1366 4272 funebri
1390 4204 1588 4281 ceremonia
1609 4203 1686 4273 sitis
1707 4205 1858 4288 modesti
1874 4218 1909 4275 et
1923 4201 2126 4282 verecundi,

98 4316 279 4393 quaquam
302 4319 403 4388 pares
427 4324 519 4383 esse,
558 4315 679 4373 tamen
710 4327 849 4374 summo
874 4305 992 4374 studio
1020 4328 1085 4373 an·
1135 4327 1200 4372 nec
1225 4303 1492 4374 tumultuamini
1515 4318 1550 4375 et
1571 4307 1674 4376 foeda
1699 4307 1905 4377 confusione
1931 4317 1965 4373 et
1987 4302 2125 4371 discur-

96 4391 278 4481 nitemur,
303 4410 344 4468 ut
375 4399 550 4473 iuventuti
583 4406 678 4497 piam
708 4421 742 4477 et
756 4405 944 4477 salutarem
970 4419 1004 4476 et
1027 4406 1085 4475 iu·
1135 4406 1269 4476 satione
1299 4404 1448 4475 turbetis
1478 4407 1641 4476 ordinem
1668 4408 1820 4478 maxime
1849 4404 2060 4500 servandum
2082 4405 2121 4472 in

95 4508 303 4587 comptam
354 4502 553 4575 doctrinam
604 4510 809 4594 coelestem,
867 4508 957 4578 sicut
1007 4532 1085 4576 eam
1135 4508 1267 4578 talibus
1289 4507 1551 4596 congressibus,
1582 4507 1779 4598 ubipotius
1797 4509 1884 4601 quid
1902 4503 2126 4576 amiserimus

94 4617 115 4664 a
144 4599 352 4670 reverendis
376 4607 536 4695 patribus
566 4622 601 4680 et
629 4609 916 4701 praeceptoribus
945 4610 1085 4695 nostris,
1135 4622 1170 4679 et
1191 4620 1372 4700 expectare
1397 4630 1506 4698 porro
1532 4610 1727 4701 possimus,
1759 4610 1911 4698 cogitare
1941 4610 2122 4691 dehemus,

94 4688 284 4786 luthero,
313 4696 412 4777 Iona
426 4704 476 4802 ⁴),
508 4704 779 4806 Bugenbagio,
802 4700 1017 4803 Crucigero,
1050 4725 1086 4782 et
1135 4733 1241 4803 qtram
1264 4711 1350 4803 quid
1374 4723 1530 4797 spectare
1552 4734 1734 4805 queamus.
1760 4704 1763 4709 ’
1782 4707 1945 4794 Adsunt,
1968 4723 2008 4779 ut
2023 4709 2122 4776 vide-

94 4790 279 4897 Philippo
306 4809 525 4901 accepimus,
566 4826 602 4884 et
630 4814 760 4884 scimus
785 4836 977 4902 congruere
999 4836 1082 4882 cum
1133 4813 1202 4897 tis,
1228 4813 1364 4905 aliquot
1384 4808 1571 4901 Lipsenses
1592 4811 1829 4897 Professores,
1854 4812 1988 4905 aliquot
2012 4810 2123 4877 vicini

94 4915 269 4992 perpetuo
293 4930 465 4981 consensu
482 4909 776 5006 propheticorum
802 4928 835 4986 et
857 4911 1082 5005 Apostolico-
1133 4911 1298 4999 Nobiles,
1323 4911 1428 4985 multi
1453 4913 1561 4984 vicini
1579 4912 1742 4983 Pastores
1760 4926 1793 4983 et
1815 4914 1875 4982 alii
1899 4909 2041 4983 honesti
2056 4905 2121 4980 ho·

94 5024 173 5072 rum
195 5004 407 5097 scriptorum
429 5036 509 5085 eum
528 5013 708 5112 Symbqlis
730 5031 763 5088 et
781 5015 999 5086 confessione
1018 5011 1084 5086 ba·
1132 5017 1257 5105 spites,
1291 5040 1380 5107 quos
1399 5015 1597 5085 communis
1617 5014 1721 5084 dolor
1741 5013 1861 5107 Lipsia
1886 5038 1998 5108 usque
2021 5026 2054 5083 et
2080 5037 2121 5082 es

97 5108 343 5184 ...L-...-
1133 5119 1212 5199 aliis
1243 5116 1447 5212 longinquis
1480 5118 1568 5186 locis
1601 5112 1672 5187 huc
1706 5116 1866 5204 attraxit,
1900 5130 1942 5188 ut
1968 5111 2032 5185 hac
2060 5138 2124 5183 sua

117 5250 153 5323 'i
170 5252 248 5322 7⁰⁶⁰]
266 5251 327 5314 scr·
343 5255 421 5327 pubi.
439 5263 544 5315 losum.
1048 5280 1053 5297 ,
1139 5268 1345 5293 m...

119 5337 258 5409 s)10m]
277 5359 335 5398 nott
352 5343 451 5403 babent
467 5348 528 5406 Ser.
546 5349 622 5421 pubi.
1166 5349 1194 5418 5)
1210 5351 1318 5417 mm
1332 5345 1396 5404 sm.⁸
1412 5343 1492 5418 pubp-
1507 5355 1587 5401 om·
