4546 5760
111 163 183 239 aar
677 153 1550 277 ouansrrounsacannutcan
1794 160 1800 174 ·
2016 147 2028 167 '
2068 136 2149 251 us

115 337 271 408 afferunt
287 334 440 408 veritati.
492 330 606 428 Saepe
630 332 785 404 enimin
807 333 880 423 vita
902 330 1104 425 persuasio-
1255 333 1503 408 Talis'coetna
1527 360 1609 409 vere
1633 350 1688 409 sst
1702 332 2064 430 chorusAngelicus‚
2090 365 2143 413 ca-

114 464 179 510 nes
193 461 312 509 errore
327 449 536 529 conceptae,
564 434 768 529 impediunt
792 450 1018 527 conspectum
1040 459 1103 503 ve·
1154 461 1245 510 nens
1271 433 1369 509 hunc
1393 435 1586 535 hymnum:
1613 437 1741 513 Gloria
1762 442 1802 511 in
1826 443 1972 529 excelsis
1988 441 2091 530 Deo,
2109 454 2142 517 et

114 541 242 621 citatis.
293 538 364 625 Ut,
396 539 481 635 quia
507 539 614 611 multi
639 539 862 625 existimant,
888 562 1007 608 veram
1032 531 1103 606 Ec·
1154 543 1194 615 in
1212 554 1306 612 terra
1323 566 1390 635 pax
1407 536 1629 617 hominibus.
1699 590 1708 609 s
1860 534 1866 541 ’
2132 594 2135 601 .

115 643 258 714 clesiam
291 636 365 713 esse
393 641 575 735 politiam,
611 642 764 711 similem
792 642 973 734 imperiis,
1013 663 1104 733 quae
1258 642 1381 737 ltaque
1413 645 1490 737 pias
1520 647 1676 740 synodos
1700 658 1734 718 et
1756 645 1815 737 pia
1841 644 1976 719 iudicia
1996 670 2142 721 venus

116 770 264 838 corpora
281 747 502 836 gubernant,
528 744 693 815 tribuunt
709 744 851 814 iudiciis
869 741 1018 832 Regiam
1038 765 1105 832 po-
1155 769 1259 834 mur,
1297 747 1499 840 etquidem
1521 748 1712 838 diligenter
1734 748 2002 822 consideremus
2024 772 2141 821 cauus

118 863 298 929 testatem,
314 847 371 918 cni
385 869 527 916 necesse
546 860 597 916 eat
614 848 778 932 obedire,
792 872 867 918 non
883 847 999 916 solum
1021 868 1107 935 pro·
1156 864 1192 920 et
1207 849 1323 918 fontes
1336 851 1605 923 sententiarum.

118 967 197 1043 pter
211 951 385 1021 rationem
404 948 646 1042 probabilem,
669 952 729 1019 sed
748 951 854 1021 etiam
872 962 1018 1040 propter
1041 970 1107 1016 au·
1258 951 1329 1022 Sed
1348 952 1591 1023 discernamus
1606 952 1784 1047 Synndos.
1833 949 1926 1023 Cum
1948 950 2056 1044 impii
2070 975 2142 1022 coa·

120 1053 323 1144 toritatem,
343 1075 451 1146 quam
468 1046 566 1122 Deus
583 1051 641 1121 illi
656 1052 796 1142 fastigio
816 1051 992 1122 attribuit·
1159 1069 1236 1138 tus,
1272 1054 1334 1147 qui
1357 1068 1479 1125 tenent
1500 1055 1719 1125 ordinariam
1742 1067 1974 1146 potestatem,
2007 1056 2140 1126 decreta

221 1152 314 1226 Cum
329 1153 545 1224 dissiderent
560 1155 654 1226 inter
669 1179 705 1224 se
730 1157 803 1225 duo
828 1157 972 1232 fratres,
999 1148 1108 1240 Regis
1158 1155 1313 1241 faciunt,
1338 1156 1594 1227 contumeliosa
1610 1159 1778 1227 adversus
1791 1155 1928 1247 Deum,
1952 1157 2164 1250 qualiaren

119 1257 225 1328 Darii
248 1257 333 1341 lilii,
357 1256 599 1327 Artabazanes
621 1271 655 1326 et
669 1256 822 1342 Xerxes,
847 1279 923 1324 non
947 1257 993 1324 de
1018 1255 1108 1323 dua·
1159 1283 1242 1329 cens
1263 1260 1424 1331 fecerunt
1442 1258 1582 1354 Synodi
1596 1257 1811 1331 Tridentino
1834 1272 1871 1330 et
1892 1257 2142 1340 Bononiensis.

120 1359 363 1451 buscapelllS,
386 1360 447 1428 sed
463 1355 1108 1450 delmperlo'loliusurblsterrarum
1159 1361 1338 1432 adversari
1357 1385 1497 1432 necesse
1516 1374 1579 1436 est,
2078 1382 2081 1387 ·
2134 1410 2139 1419 .

120 1462 390 1546 florentissimo,
424 1463 468 1530 de
489 1484 599 1551 regno
623 1459 784 1546 Persico,
815 1474 1002 1554 postquam
1028 1480 1110 1527 sen·
1261 1459 1339 1534 Etsi
1373 1464 1483 1553 igitur
1511 1464 1708 1555 optandum
1731 1476 1801 1548 est,
1833 1476 1875 1535 ut
1895 1464 1954 1555 pia
1978 1462 2146 1558 Synudus

122 1564 232 1635 tentia
257 1565 416 1635 iudicum
437 1563 549 1633 frater
578 1576 666 1634 natu
699 1565 819 1633 minor
842 1563 1021 1656 praelatus
1039 1573 1110 1644 est,
1160 1578 1254 1635 recte
1275 1566 1447 1636 diiudicet
1469 1566 1744 1637 controversias:
1768 1578 1887 1636 tamen
1901 1567 2146 1660 qualecunque

122 1667 296 1749 alterum,
317 1666 383 1737 etsi
407 1665 629 1757 probabilem
655 1689 795 1736 causam
819 1660 1013 1747 habuerat,
1046 1685 1110 1732 cur
1161 1667 1335 1738 indicium
1352 1668 1576 1753 instituetur,
1601 1692 1677 1738 non
1697 1682 1749 1739 est
1764 1667 1964 1738 abiicienda
1989 1667 2146 1741 ueritatis

123 1771 373 1840 anteferendus
398 1781 507 1850 esset,
539 1781 660 1839 tamen
688 1768 758 1838 iam
784 1762 1030 1860 obtemperare
1054 1764 1111 1834 iu·
1162 1770 1358 1855 confessio,
1382 1794 1448 1839 nec
1472 1770 1659 1861 promittat
1677 1770 1887 1863 quisquam,
1913 1792 1950 1840 se
1965 1783 2147 1862 optempe-

124 1872 241 1944 dicato
257 1872 390 1942 iustum
413 1884 498 1944 erat.
1161 1887 1321 1942 raturum
1341 1896 1414 1942 esse
1432 1872 1607 1955 iudicato,
1632 1872 1701 1942 nisi
1724 1886 1826 1942 antea
1842 1873 2032 1953 decretum,
2047 1871 2148 1942 audi·

235 1988 306 2061 Sed
324 1989 478 2060 muttum
494 1986 678 2058 dissimilis
696 1998 749 2056 est
761 1980 919 2057 Ecclesia
937 1985 1108 2078 imperiis.
1163 1974 1266 2049 verit.
1304 1973 1376 2045 Nec
1394 1977 1511 2065 imago
1528 1974 1744 2045 iudiciorum
1763 1973 1924 2044 civilium
1939 1986 1976 2044 ec
1990 1970 2148 2067 propha-

125 2090 256 2162 vnlent
276 2091 470 2162 sententian
495 2091 656 2162 indicum
682 2114 756 2159 nnn
776 2086 889 2179 Regin
916 2102 978 2160 nnn
1000 2087 1110 2157 ΡΜ.
1162 2100 1292 2146 norum
1306 2078 1350 2145 ad
1366 2072 1453 2146 haec
1469 2077 1662 2147 certamina
1682 2079 1728 2145 de
1743 2075 1857 2167 gloria
1874 2072 1941 2146 Dei
1956 2077 2148 2172 transfera-

91 2190 98 2195 ’
125 2195 218 2266 toria
233 2195 434 2275 autoritate,
448 2195 509 2263 sed
527 2195 609 2287 quia
628 2216 712 2261 vere
729 2206 931 2280 congruunt
948 2215 1026 2260 cum
1044 2192 1111 2260 do-
1161 2192 1232 2250 lur·
1254 2251 1259 2263 ,
1285 2177 1355 2250 Sed
1372 2180 1444 2249 alio
1463 2193 1621 2272 tempore
1644 2174 1826 2249 haedere
1842 2178 2023 2270 copiosius
2039 2179 2149 2249 dissa-

127 2297 240 2368 ctrina
263 2321 282 2366 a
305 2294 382 2367 Deo
407 2295 549 2366 tradita.
607 2295 649 2367 si
677 2318 752 2364 non
785 2317 866 2364 vere
897 2304 1111 2383 congruunt,
1161 2302 1291 2355 remus.
1341 2278 1437 2356 Dixi·

127 2399 267 2471 etiamsi
289 2399 495 2491 inspeciem
512 2398 751 2467 blandiuntur
765 2396 898 2466 rationi
920 2391 1110 2476 humanae,

17 2562 36 2573 .
127 2502 355 2573 anteferenda
371 2514 423 2571 est
438 2501 577 2591 regula:
609 2499 649 2570 Si
666 2498 747 2592 quis
761 2498 858 2568 aliud
874 2492 1110 2587 Evangelium

127 2606 249 2688 docet,
282 2596 469 2674 anathema
500 2603 559 2674 sit.
608 2598 677 2686 Ut,
713 2624 919 2693 quanquam
942 2598 1111 2693 Synodus

128 2699 362 2802 syrmiensis,
397 2705 436 2773 in
459 2729 529 2799 qua
553 2725 681 2791 magna
703 2702 904 2794 frequentia
929 2703 999 2772 fuit
1021 2699 1111 2794 Epi·
1168 2677 1341 2805 Q
1895 2685 2147 2817 lQlfl-

128 2833 316 2901 scoporum
326 2803 433 2878 Asiae
445 2822 479 2878 et
490 2801 675 2895 Europae,
701 2805 881 2875 decretum
896 2802 998 2890 fecit,
1014 2805 1111 2899 quod

8 2937 12 2943 ’
57 2938 68 2961 c
128 2910 217 2981 utile
229 2912 274 2980 ad
289 2908 509 2981 sarciendam
530 2907 757 2978 concordiam
774 2907 979 2992 videbatur,
1005 2922 1046 2979 ut
1072 2909 1112 2976 iu
1232 2904 1264 2960 ¹¹¹
1281 2872 1444 2974 0⁰⁸0⁸l³⁰¹¹·
1461 2924 1490 2978 P·
1507 2903 1565 2960 9⁴⁵
1584 2925 1643 2978 “tn
1666 2904 1696 2959 ⁵¹¹
1717 2905 1821 2964 consil.
1840 2904 1908 2965 Met.
1926 2905 1957 2963 ¹'·
1977 2903 2013 2962 11·
2026 2922 2064 3030 K·
2083 2905 2148 2972 ¹¹⁶2

130 3011 303 3108 Symbolo
322 3009 458 3083 Niceno
482 3012 662 3100 legerunt,
693 3004 847 3101 ὅμοιον,
876 3032 950 3077 non
973 3002 1112 3105 ὄμοού.
1194 3039 1197 3045 ,
1267 2975 1511 3099 ssfl‘llggfl‘m·
1526 2976 1618 3034 ²¹¹¹·
1632 2974 1743 3031 Elim·
1756 2973 1807 3030 s⁰¹·
1819 2974 1881 3033 Μ·
1899 2985 1926 3030 ²²
1941 2975 2016 3047 apua

130 3134 232 3201 σιον,
258 3129 378 3186 tamen
400 3107 486 3184 huic
509 3126 610 3184 tanto
635 3112 825 3183 consensui
849 3112 1031 3182 adversari
1049 3135 1114 3181 ne-

131 3217 319 3289 cessetuit
857 3241 859 3246 π
1165 3206 1370 3297 Responsio
1396 3202 1452 3276 nd
1474 3207 1528 3278 Μ.
1550 3205 1746 3299 (tyrtaei
1770 3202 2149 3303 anaunenterpn·

249 3332 320 3405 sea
344 3331 521 3403 onasum
544 3329 614 3400 vm
637 3329 790 3422 politici:
825 3326 924 3419 Quia
948 3351 1038 3423 opus
1064 3343 1116 3399 est
1166 3312 1425 3403 praeconem
1448 3310 1497 3381 de
1522 3305 1624 3380 sano
1650 3315 1692 3384 a»
1716 3312 1874 3387 cenem
1899 3330 1974 3380 κω·
1997 3303 2150 3402 aaran

133 3435 293 3521 iudiciis,
316 3437 346 3505 si
361 3449 479 3528 postea
501 3434 744 3505 contradicere
767 3433 868 3518 licet,
893 3457 959 3504 nec
984 3433 1117 3503 finiunt
1167 3422 1233 3484 tor
1258 3420 1452 3503 ⁸⁰⁶⁸le
1477 3434 1503 3482 ⁰
1518 3409 1619 3483 ludu
1645 3411 1764 3484 ‘30'100
1783 3415 1927 3483 'lenm‘
1942 3409 2066 3500 Silola,
2089 3432 2150 3491 ”⁶-

132 3539 407 3623 controvllsias,
432 3560 498 3607 nee
510 3537 646 3609 tollunt
662 3535 878 3605 discordias?
1227 3519 1352 3587 clim
1374 3515 1412 3586 d.
1443 3511 1502 3588 ll·
1528 3512 1631 3586 Febr·
1656 3537 1756 3587 ‘mm
1785 3510 1898 3588 155⁰·
1922 3511 2104 3588 Μῧαθθ·

247 3652 304 3726 Ad
329 3652 424 3726 hanc
444 3655 680 3726 obiectionem
705 3656 919 3746 respondeo:
972 3651 1119 3724 ludiciis
1170 3652 1272 3739 Olim
1285 3662 1565 3733 nominabantur
1579 3662 1619 3730 in
1630 3657 1787 3732 Ecclesia
1803 3655 1961 3756 ὁμιλίαι,
1975 3689 2059 3735 cnm
2075 3665 2152 3759 pln.

133 3771 253 3827 tamen
276 3783 365 3850 opus
389 3781 484 3843 esse,
515 3758 598 3850 quia
630 3770 712 3826 vcr'a
733 3752 892 3826 Ecclesia
916 3770 1118 3826 rectesen-
1171 3791 1226 3838 nnn
1249 3778 1427 3848 amanter,
1459 3788 1530 3834 una
1554 3764 1676 3844 dere,
1710 3787 1773 3834 suo
1796 3764 1948 3862 quisque
1972 3756 2054 3838 lo'co
2076 3790 2152 3839 sen-

134 3860 264 3929 tientes
289 3861 475 3931 confirmat
505 3882 570 3929 suo
595 3859 823 3944 testimonio,
861 3871 895 3928 et
917 3859 1120 3927 monstratis
1171 3869 1318 3941 tentiam
1336 3867 1486 3940 dicebat.
1535 3863 1609 3935 Nec
1630 3867 1786 3957 profecto
1803 3866 1945 3938 dulcius
1960 3869 2153 3965 quidquam

135 3963 330 4033 sententiae
353 3963 469 4032 causis
490 3961 629 4055 aliquos
654 3974 811 4031 errantes
834 3960 872 4029 in
898 3961 992 4029 viam
1016 3984 1120 4031 revo·
1173 3995 1246 4042 ense
1270 3982 1401 4062 poten,
1426 3968 1559 4038 talibus
1580 3968 1787 4063 colloquiis,
1813 3970 1853 4037 in
1874 3969 2007 4064 quibu,
2030 3972 2155 4042 verim

136 4077 211 4144 cal,
238 4066 326 4135 sicut
352 4089 454 4161 saepe
474 4058 544 4134 hoc
569 4076 729 4155 tempore
752 4062 885 4134 nostris
908 4063 1051 4132 iudiciis
1065 4087 1122 4131 re·
1173 4073 1368 4144 multorum
1392 4070 1601 4156 collatione,
1633 4072 1709 4141 sine
1739 4071 1928 4142 acerbitate
1954 4073 2160 4146 animorum.

136 4169 251 4237 vocati
270 4182 353 4239 sunt
370 4166 483 4261 aliqui
499 4166 545 4237 ab
564 4166 746 4237 erroribus
763 4161 1091 4258 Anabaptistarum.
1176 4175 1372 4270 quaeritur.
1434 4169 1493 4243 Ab
1518 4196 1558 4242 eo
1585 4197 1685 4244 more
1706 4169 1904 4260 Ecclesiae,
1938 4176 2169 4248 cousuetudo·

243 4286 328 4358 Non
360 4286 470 4376 igitur
502 4284 645 4355 inutilia
678 4297 762 4354 sunt
795 4282 944 4360 iudicia.
987 4284 1124 4354 etiamsi
1176 4293 1211 4348 et
1229 4278 1266 4346 in
1283 4270 1430 4348 Scholas
1444 4275 1613 4345 translata
1633 4289 1702 4354 est,
1730 4289 1769 4346 ut
1791 4276 1911 4368 plures
1927 4278 2051 4348 eadem
2065 4280 2109 4349 de
2123 4284 2184 4349 ιε’

138 4390 243 4460 multi
260 4392 335 4460 non
355 4387 620 4479 obtemperant,
646 4412 737 4481 quos
760 4388 903 4457 tandem
929 4399 1126 4479 compescet
1177 4382 1299 4452 dicant
1308 4371 1356 4474 ⁹)
1393 4376 1450 4447 ‘ln
1469 4373 1627 4448 Ecclesia
1651 4388 1798 4469 propter
1822 4378 1910 4448 duas
1930 4402 2056 4451 causas
2076 4375 2183 4454 hace·

137 4490 234 4561 Deus
256 4492 360 4562 sicuti
390 4489 607 4583 compescuit
628 4487 795 4574 ludaeos,
827 4487 1042 4579 refragantes
1068 4488 1126 4558 iu·
1179 4482 1400 4553 consuetudo
1422 4481 1510 4566 fuit,
1541 4494 1583 4549 ut
1606 4480 1727 4572 plures
1749 4481 1794 4549 de
1818 4504 1890 4550 una
1917 4505 1957 4551 re
1989 4482 2159 4559 dicerent.

139 4593 232 4663 dicio
246 4589 514 4682 Apostolorum.
1015 4587 1019 4593 ’
1176 4585 1406 4656 Priorcausa
1430 4595 1579 4652 nonest
1606 4582 1768 4656 obscura.
1827 4580 1921 4672 Quia
1945 4606 2028 4654 cum
2057 4583 2160 4659 multi

241 4709 511 4783 Controversiae
533 4709 643 4799 igitur
663 4708 701 4778 in
719 4705 877 4780 Ecclesia
899 4731 1047 4798 magnae
1066 4707 1125 4777 vix
1176 4712 1285 4759 unam
1308 4710 1381 4756 ¹0¹⁰
1408 4684 1922 4779 lnqulfflflls⁸l¹10³fflbll³le
1945 4686 2159 4785 animorum,

140 4837 299 4908 unquam
317 4815 515 4898 tolluntur,
530 4812 599 4882 nisi
618 4811 832 4882 mirabiliter
845 4807 942 4881 Deus
956 4809 1125 4904 reprimat
1176 4804 1210 4860 ‘l
1224 4789 1301 4859 ⁸5⁰⁸
1315 4783 1534 4880 S⁰Pl¹l⁸ll⁰³’
1557 4787 1696 4857 stellius
1713 4786 1897 4861 luvenllffl
1913 4786 2058 4863 ledia&
2092 4788 2158 4861 Al·

46 4942 57 4957 ..
142 4912 259 4989 hostes
276 4916 448 4990 witam·
1175 4907 1249 4963 tera
1272 4915 1376 4961 causa
1395 4890 1482 4974 fuit,
1511 4901 1553 4959 ut
1574 4888 1776 4960 testimonia
1798 4889 1994 4961 multorum
2019 4892 2066 4963 de
2081 4914 2158 4984 gra-

1177 4994 1330 5084 vissimis
1343 4993 1449 5062 rebus
1464 5004 1548 5061 nota
1570 5005 1696 5066 essent.
1748 4989 1855 5062 Nunc
1870 4992 2061 5082 vestigium
2084 5014 2159 5065 ma-

1174 5095 1387 5195 netvetusti
1413 5094 1535 5165 moris.
1594 5092 1719 5190 ltaque
1739 5108 1780 5165 ut
1801 5107 1893 5166 extet
1917 5119 2041 5167 mcum
2064 5094 2160 5171 testi-

2053 2973 2150 3033 ‘chart

242 5034 316 5105 Nec
339 5035 530 5129 quicquam
552 5030 736 5125 pulchrius
757 5046 809 5103 est
831 5032 870 5102 in
895 5043 970 5102 toto
994 5055 1123 5122 genere

142 5134 320 5219 humano,
346 5162 452 5231 quarn
469 5138 527 5230 pia
541 5135 728 5233 synodus,
754 5159 844 5230 qnae
860 5134 996 5226 placide
1012 5148 1047 5204 et
1061 5159 1122 5203 ve-

143 5266 183 5311 ro
205 5241 323 5314 studio
347 5242 423 5310 sine
448 5239 703 5331 cupiditatibus
725 5238 876 5332 inquirit
900 5252 934 5306 et
957 5238 1120 5336 patefacit
1180 5271 1386 5305 .----

142 5343 343 5428 veritatem,
368 5356 401 5413 et
419 5366 483 5414 suo
500 5341 703 5414 testimonio
725 5340 873 5430 gloriam
890 5339 960 5409 Dei
977 5353 1094 5411 ornat.
1204 5360 1237 5430 e)
1256 5358 1333 5414 olm
1348 5359 1572 5415 namnetum
1588 5370 1641 5417 ete
1661 5357 1899 5417 lttctartiornon
1917 5357 2008 5417 dadis.
