4546 5760
108 191 184 265 688
897 187 1370 268 PRAEMONENDA.
1427 249 1441 271 ,
1489 286 1492 292 ¹
2072 197 2139 271 tat

191 361 383 445 Intelligitur
398 377 477 443 ergo
491 377 608 442 cansa,
629 377 686 424 cur
701 359 872 425 (tarbellae
893 361 997 424 'Ieme
1017 359 1167 425 secundo
1184 382 1248 426 nen
1272 361 1427 442 eandem,
1449 379 1545 443 quam
1568 362 1692 426 Tamus
1714 363 1739 426 I
1762 363 1878 450 babet,
1905 363 2140 450 inscriptionem

109 448 253 531 dederit,
290 442 352 511 sed
379 447 506 510 titolum
529 448 673 510 mutavit.
724 447 893 527 sequutus
917 457 968 510 est
990 457 1225 526 argumentum.
1276 447 1362 511 Nam
1386 447 1489 510 'Iomo
1512 448 1537 510 1.
1559 449 1672 513 insunt
1694 450 1857 514 oratioms
1880 468 1908 514 s.
1931 449 2138 516 declamatio·

110 555 189 617 nes,
211 535 313 596 Temo
331 533 372 594 II.
390 542 497 596 autem
520 531 755 615 praefationes,
777 533 955 613 epistolae,
977 535 1138 595 orationes
1161 532 1201 595 de
1225 533 1298 596 vitis
1320 533 1460 596 virerum
1482 532 1669 618 illustrium,
1691 544 1724 599 et
1746 534 1885 619 denique
1902 537 2068 601 orationes
2081 537 2137 601 eli·

113 631 192 702 quot
212 618 446 716 Demosthenis
469 617 666 698 aliarumque
688 626 837 681 veterum
860 636 1067 700 graecorum,
1097 636 1178 698 quas
1202 618 1393 681 Melanthea
1417 619 1517 680 latine
1539 618 1731 683 reddiderat.
1785 624 1822 683 ln
1846 623 1949 684 Temo
1973 623 2001 684 1.
2022 620 2054 684 le
2080 641 2137 685 nn-

113 704 231 856 qprllrl
254 712 472 850 ⁰¹ff⁰¹l⁰⁸.⁰t
493 703 572 817 liber
595 702 829 766 Melanthonis:
857 704 1056 786 „responsio
1078 702 1119 764 ad
1143 704 1297 785 scriptum
1327 703 1527 785 quorundam
1557 703 1757 768 delectorum
1786 726 1806 769 a
1830 705 1928 770 clero
1950 724 2055 771 secun
2111 709 2135 770 ‘o
2173 748 2175 753 -

146 809 272 856 canuae
328 791 528 870 grapprnae'.
1590 834 1596 843 ,
2173 784 2175 821 ι

242 876 364 949 'Iemus
386 874 427 935 ll.
456 873 554 935 babet
581 871 664 933 XIX
694 873 855 935 orationes
886 870 926 934 de
951 872 1026 934 vitis
1056 873 1223 937 illustrium
1253 874 1434 953 hominum,
1471 873 1617 938 XXVIII
1645 874 1865 958 praelationes
1889 877 2046 961 (quarum
2067 897 2136 941 vera

114 973 251 1044 quatuor
279 969 402 1023 tantum
433 967 511 1021 sunt
540 958 720 1036 orationes,
750 958 891 1039 reliquae
914 958 1112 1040 epistolae),
1140 959 1188 1021 IV
1212 959 1368 1041 epIstolas
1394 971 1428 1025 et
1449 959 1482 1021 X
1503 962 1668 1025 orationes
1692 960 1889 1029 Graecorum
1912 962 2012 1027 latine
2033 963 2135 1027 reddi·

113 1059 183 1131 tas,
213 1064 294 1128 quas
316 1046 377 1106 alio
400 1044 472 1106 loco
494 1041 651 1106 dabimus.

232 1161 312 1263 ..³·
349 1159 465 1224 Tamne
492 1158 617 1257 tertiae.
669 1153 937 1257 'Iomisduobus
967 1159 1123 1240 prioribus
1153 1170 1227 1241 post
1256 1181 1373 1225 novem
1396 1180 1501 1225 annos
1524 1164 1647 1227 Tomos
1669 1166 1723 1228 Ill.
1746 1163 1873 1229 additus
1897 1176 1971 1243 est,
2005 1167 2060 1251 qui
2084 1167 2135 1228 tri·

199 1251 272 1332 plrcr
295 1247 413 1324 forma,
443 1242 539 1306 valde
561 1243 707 1325 diversa,
736 1253 852 1308 extrtrt.

324 1352 364 1432 a)
389 1347 507 1411 Tamus
527 1343 644 1409 tertiata
666 1341 894 1430 Erfordieneie.
939 1347 973 1408 Is
995 1344 1108 1427 prodiit
1131 1343 1182 1408 sic
1204 1349 1393 1431 inscriptus:

243 1452 574 1551 „Selectissimarum'
590 1449 767 1513 orationum
791 1449 959 1511 elarissImi
983 1449 1060 1527 viri,
1092 1449 1185 1511 Dom.
1207 1447 1349 1529 Philippi
1371 1447 1591 1515 biclautbonirr
1618 1448 1736 1513 Temere
1757 1449 1886 1516 tertiare.
1932 1450 2137 1536 lllrphurdiae,

242 1546 417 1621 „excussit
440 1535 619 1598 (iervasrus
642 1534 803 1599 Sturmer.
825 1535 922 1597 Anne
944 1533 1122 1596 bl.D.hI.''
1167 1531 1241 1616 2¹l,
1256 1533 1358 1614 Alpb.
1386 1534 1417 1600 8.

113 1659 167 1723 ttr
188 1655 327 1739 epistola
349 1651 578 1735 nuncupatoria
600 1649 638 1712 ad
663 1648 847 1713 Eduardum
870 1648 997 1731 Regem
1020 1650 1178 1731 Angliae,
1206 1648 1281 1712 data
1303 1648 1355 1711 tile
1377 1666 1526 1714 convers.
1549 1651 1641 1715 Pauli
1663 1652 1714 1733 (d.
1728 1653 1780 1716 29.
1803 1653 1890 1734 lan.)
1913 1627 2018 1731 1551,
2045 1622 2162 1716 intel·-

114 1745 243 1826 ligitur,
266 1742 417 1803 Ioannem
440 1735 645 1801 duritebrum
668 1736 921 1798 Wimariensem
944 1735 1032 1797 hunc
1054 1746 1173 1799 tornum
1195 1735 1376 1818 collegisse
1399 1746 1432 1798 et
1454 1737 1620 1819 edidisse,
1648 1740 1754 1819 quiin
1778 1740 1947 1801 rarioribus
1971 1739 2062 1800 libris
2084 1748 2137 1800 est

116 1830 272 1894 Continet
301 1827 350 1889 xl
372 1824 580 1906 quaestiones
604 1821 827 1902 academicus,
852 1831 885 1882 et
906 1819 1060 1881 xxxix
1081 1821 1259 1901 orationes,
1287 1839 1421 1902 quarum
1443 1840 1506 1884 una
1528 1822 1732 1903 „decentiae
1749 1826 1940 1906 angelornm
1957 1819 2137 1887 Irncaeffl

115 1934 179 1980 uon
201 1935 221 1977 a
244 1911 455 1976 Melanthone
478 1919 532 1970 est
553 1910 691 1989 scripta,
724 1907 885 1989 igiturque
907 1924 928 1967 a
948 1908 1041 1968 nobis
1065 1925 1127 1966 non
1152 1908 1299 1987 repetita.
2147 1890 2152 1900 ’

325 2028 365 2110 b)
391 2021 648 2123 Temrnnteriniar
669 2019 878 2084 Basileensie.
920 2021 1044 2084 Prodiit
1066 2041 1107 2083 ex
1130 2020 1261 2086 officina
1284 2022 1438 2106 llervagii
1462 2023 1510 2085 sic
1532 2024 1723 2106 inscriptus:
1761 2024 1997 2108 „Selectarum
2019 2024 2137 2087 Decla-

239 2116 440 2212 „mationum
462 2110 603 2208 Philippi
623 2107 904 2186 blelanclrthonis,
933 2126 1015 2189 quas
1038 2109 1150 2190 partim
1181 2110 1252 2190 ipso
1282 2109 1430 2171 recitavit
1451 2110 1482 2170 in
1506 2109 1622 2171 schola
1644 2109 1896 2193 Vitebergensi,
1934 2111 2053 2191 partim
2073 2110 2136 2171 aliit

271 2197 452 2263 recitandas
476 2196 622 2258 exhibuit
643 2195 801 2257 hactenus
824 2211 985 2277 nunquam
1015 2194 1169 2256 editarum
1193 2194 1317 2259 nomas
1340 2189 1399 2257 llI.
1443 2195 1594 2257 Basileae
1622 2213 1680 2277 per
1708 2198 1752 2259 Io.
1776 2196 1990 2279 IIervagium.
2032 2211 2167 2257 mense·

2140 1970 2153 2015 l

243 2249 263 2284 ll

244 2286 358 2369 „lueto
382 2282 492 2346 15513’
535 2281 565 2343 8.
608 2277 674 2342 913
695 2284 793 2362 pagg.

114 2394 211 2459 IIunc
239 2391 351 2490 librqm
371 2384 491 2467 ¹nidere
519 2384 596 2447 mihi
625 2403 689 2445 non
712 2381 866 2465 contigit,
901 2391 935 2442 et
957 2380 1140 2449 Strobelius
1163 2356 1183 2440 l.
1205 2398 1234 2441 c.
1257 2387 1381 2441 tantum
1404 2378 1445 2441 de
1468 2399 1507 2442 eo
1530 2382 1648 2464 habet,
1675 2381 1760 2462 quod
1782 2381 1884 2463 prima
1905 2380 2007 2444 oratio
2028 2383 2073 2444 sit
2091 2381 2137 2442 ita

115 2480 156 2544 de
178 2477 279 2540 verbo
301 2470 521 2556 ορθοτομεῖν,
549 2480 582 2532 et
605 2469 717 2532 ultima
734 2466 789 2529 illa
810 2466 851 2527 de
875 2466 982 2547 legum
1006 2463 1148 2527 lontibus
1171 2475 1204 2528 et
1219 2464 1394 2544 disciplina.
1438 2463 1592 2545 (liecusa
1606 2477 1657 2529 est
1673 2466 1787 2529 eodem
1801 2484 1885 2529 anno
1898 2464 2051 2531 Francos.
2073 2466 2119 2546 8.)

242 2592 360 2672 Neque
384 2586 602 2651 Erfordiensis
624 2601 730 2665 neque
753 2582 953 2646 Basileensis
977 2584 1100 2645 'l'ornus
1123 2580 1324 2645 Melanthoni
1346 2583 1487 2663 eiusque
1504 2584 1616 2647 amicis
1639 2584 1722 2647 satis
1751 2584 1889 2666 placuit,
1924 2601 2026 2663 quare
2049 2580 2133 2661 coep.

118 2679 293 2759 Peucestes,
322 2694 418 2738 socer
439 2672 674 2748 blelantbonis,
705 2672 776 2750 ipse
800 2670 937 2731 Tertium
959 2668 1088 2730 tertium
1112 2667 1245 2749 collegit
1267 2676 1299 2729 et
1321 2661 1437 2731 edidit:

327 2780 366 2861 c)
399 2771 517 2838 Temere
536 2777 656 2838 tertius
679 2766 966 2853 Arpentoralenair
994 2767 1110 2852 prodiit
1138 2768 1188 2829 sic
1216 2768 1405 2851 inscriptas:
1450 2769 1680 2852 „Selectarum
1703 2771 1983 2835 Declamaticnnm
2006 2770 2134 2853 Philippi

240 2866 405 2946 ,‚blelan.,
439 2879 521 2943 quas
551 2858 746 2954 conscripsit
774 2868 808 2918 et
834 2855 949 2935 partim
979 2857 1050 2937 ipse
1079 2855 1110 2914 in
1140 2853 1254 2914 schola
1276 2853 1509 2936 Vitebergensi
1537 2849 1700 2938 recitavit,
1729 2858 1842 2938 partlm
1865 2856 1939 2919 alite
1960 2858 2133 2922 recitandas

244 2949 424 3032 „exhibuit
470 2942 735 3006 Transierant.
779 2938 862 3003 Cum
893 2941 997 3021 gratia
1020 2948 1054 3001 et
1083 2937 1259 3019 privilegio.
1311 2941 1518 3018 Argentorati
1548 2939 1611 3019 (ex
1637 2939 1766 3005 officina
1790 2941 1834 3002 Io.
1859 2939 2026 3024 0poriui),
2061 2960 2132 3005 anne

243 3032 469 3099 m.b.nv1t.”
513 3029 578 3092 865
598 3044 696 3110 pagg.
718 3027 748 3089 8.
793 3023 1313 3105 (RecususArgentorati1559.
1341 3024 1432 3086 1562.
1457 3024 1569 3105 ¹566.)

115 3139 247 3205 Editum
271 3139 356 3200 hunc
377 3136 516 3232 Tamum
538 3128 633 3209 carp.
660 3126 833 3273 lffrtcerrra,
872 3126 926 3207 qui
949 3126 981 3187 in
1003 3124 1141 3206 epistola
1162 3122 1393 3221 nuncupatoria
1413 3121 1453 3184 ad
1476 3122 1650 3187 Nicolaum
1671 3126 1852 3206 Bromium,
1879 3127 1987 3188 unum
2008 3125 2132 3189 Consu.

117 3229 216 3293 larem
239 3218 488 3288 Francofordrae
512 3215 553 3279 ad
576 3216 675 3277 bloen
699 3231 749 3292 m,
775 3210 850 3275 data
873 3212 903 3274 d.
927 3209 956 3272 1.
979 3211 1065 3292 Aug.
1089 3207 1190 3291 155⁷,
1217 3217 1301 3269 mter
1320 3209 1384 3270 alra
1404 3209 1488 3270 baec
1510 3207 1605 3272 dixit:

202 3325 340 3406 „Editus
360 3332 422 3400 est,
445 3319 476 3380 ni
496 3316 608 3393 Iallor,
630 3313 737 3376 tertius
758 3312 836 3375 liber
857 3311 1025 3374 orationum
1047 3310 1240 3375 recitatarnm
1261 3311 1292 3372 in
1314 3313 1481 3375 Academia
1494 3311 1722 3392 Vitebergensi,
1752 3311 1840 3376 titula
1859 3310 1958 3377 Tomi
1976 3315 2087 3391 tertii,
2107 3316 2131 3375 ia

203 3433 288 3492 „quo
305 3429 365 3469 non
381 3424 477 3487 pauca
489 3413 517 3466 et
530 3423 587 3464 nos
604 3400 773 3479 reperimus
788 3399 897 3477 quibus
911 3396 1089 3459 offendimur
1103 3407 1131 3459 et
1144 3396 1317 3460 desiderant
1332 3397 1398 3462 alii.
1443 3398 1522 3460 Nam
1539 3409 1568 3458 et
1582 3399 1649 3461 siue
1664 3398 1769 3460 ordine
1789 3400 2017 3463 cenltrndnntnr
2035 3413 2131 3463 tenere

202 3495 510 3580 „diuersissimorum
527 3496 770 3568 argumentorum
785 3487 951 3560 orationes,
973 3495 1000 3545 et
1014 3484 1130 3546 iotexta
1142 3493 1214 3565 mant
1227 3484 1373 3551 arimatia
1388 3485 1427 3544 ab
1445 3482 1547 3562 operis
1568 3484 1766 3563 inscriptione
1779 3496 1807 3546 et
1823 3486 2017 3563 professione
2031 3488 2129 3562 aliena,

203 3596 296 3663 „tam
319 3601 389 3642 aero
412 3578 565 3641 orationes
586 3575 675 3634 etiam
698 3572 846 3651 plurimae
870 3571 990 3648 ignotae
1017 3572 1142 3632 scholae
1163 3579 1308 3644 nostrae,
1338 3588 1466 3647 qnae-
1481 3602 1577 3615 --
1598 3570 1772 3633 miscendae
1786 3571 1855 3648 bis,
1873 3582 1903 3632 et
1917 3573 2011 3635 alieni
2026 3571 2129 3635 antarii

203 3669 351 3747 „nominc
366 3666 566 3745 publicandae
581 3679 642 3720 uon
657 3670 754 3720 erant.
798 3656 929 3736 Aliquae
942 3665 970 3716 et
989 3655 1084 3736 inepti
1099 3655 1247 3718 sermonis
1261 3655 1454 3719 deformitate
1475 3665 1504 3717 et
1523 3653 1601 3716 male
1621 3657 1846 3719 cohaerentium
1867 3675 1905 3718 ac
1922 3657 2010 3721 laede
2030 3661 2129 3723 dister-

203 3765 330 3834 „tarum
348 3752 566 3813 sententiarum
582 3743 766 3822 asperitate,
789 3752 818 3802 et
831 3760 929 3801 rerum
945 3761 1020 3819 quas
1040 3751 1195 3822 exponunt
1211 3751 1299 3819 atque
1313 3742 1482 3820 argumenti
1496 3751 1523 3802 et
1545 3739 1763 3820 cogitationum
1784 3745 1833 3823 (ut
1855 3742 2012 3806 levissime
2032 3742 2130 3823 dican)

202 3841 375 3921 „tenuitate
392 3847 420 3899 et
436 3842 496 3897 toto
513 3841 656 3895 contextu
671 3829 819 3890 orationis
834 3836 1001 3899 merentur,
1023 3839 1054 3888 nt
1072 3829 1304 3907 supprimantur
1320 3826 1437 3905 potios,
1460 3837 1549 3904 atque
1561 3826 1619 3888 boc
1633 3839 1791 3908 exemptae
1805 3848 1928 3891 numere
1944 3840 1975 3891 et
1992 3829 2129 3893 banaian

204 3934 348 4005 „amotae
363 3931 524 4003 conspectu
537 3917 677 3980 sublatae
692 3917 850 3977 deleantur
865 3914 896 3973 in
912 3922 1106 3997 perpetuum,
1129 3931 1218 3992 quarn
1231 3914 1287 3972 sab
1308 3912 1416 3990 praela
1440 3916 1536 3975 denuo
1557 3923 1746 3978 revocentur.
1790 3913 1830 3974 Ut
1853 3915 2028 3992 perveniret
2045 3919 2129 3997 itaque

202 4024 260 4091 „et
281 4013 332 4074 irio
349 4010 428 4071 liber
447 4009 484 4069 ad
506 4016 643 4085 posteros
663 4001 845 4063 emendatior
866 4009 955 4076 atque
969 3999 1163 4075 instructior,
1187 3998 1297 4060 mutari
1314 4007 1430 4076 toturn,
1453 4009 1481 4061 et
1497 3998 1621 4060 abolitis
1636 4010 1665 4059 et
1678 4000 1820 4060 detractis
1836 3999 1893 4071 iis,
1916 4019 1996 4080 qnae
2010 4002 2128 4082 impar.
2155 4056 2159 4069 ¹

172 4102 175 4107 ’
204 4108 304 4178 „taut
319 4097 416 4157 torma
429 4092 577 4155 sermonis
594 4089 633 4150 alt
650 4089 766 4150 autoris
782 4087 962 4165 proprietate
976 4104 1014 4146 ac
1033 4084 1251 4164 perspicuitate
1266 4104 1393 4162 prorsus
1409 4084 1634 4163 discrepantia,
1656 4105 1735 4163 quas
1758 4105 1817 4146 uon
1842 4088 2022 4162 probarem:
2051 4088 2128 4150 emis·

204 4183 276 4267 „sis
291 4181 436 4263 reliquis,
458 4196 532 4256 quas
547 4177 736 4237 vehementer
751 4172 869 4252 quidern
884 4171 1044 4250 probarem
1057 4181 1085 4232 et
1100 4169 1271 4232 admirarer
1287 4169 1395 4248 etiam,
1418 4176 1468 4232 sed
1484 4172 1642 4233 autoribus
1660 4171 1725 4231 auis
1740 4172 1958 4249 relinquendas
1976 4192 2128 4237 censerent

204 4269 357 4352 „adiectis
379 4265 506 4342 denique
525 4261 615 4340 lenge
645 4260 802 4338 pluribus,
832 4276 921 4336 quam
945 4257 982 4316 de
1002 4257 1155 4338 prioribus
1178 4266 1377 4334 supererant,
1408 4255 1507 4336 iisque
1529 4277 1594 4317 eom
1618 4256 1728 4317 indicia
1749 4258 1891 4320 deleatis:
1914 4279 2020 4322 amnes
2041 4260 2128 4323 ordire

206 4355 338 4438 „paullo
356 4349 560 4415 tommodltte
575 4345 725 4409 distribui.
748 4380 790 4391 -
811 4378 855 4390 -·
898 4340 1032 4421 Cumque
1047 4352 1075 4403 et
1089 4352 1247 4423 quartem
1261 4340 1370 4402 librom
1386 4343 1552 4422 adiungere
1564 4343 1767 4420 decreverim,
1789 4342 1832 4404 tat
1848 4354 1955 4408 auctor
1981 4346 2046 4408 vim
2066 4350 2127 4409 inea

205 4443 365 4524 „gerrimo
384 4436 539 4517 Oporino,
561 4435 659 4495 amice
674 4453 739 4496 meo
754 4430 936 4504 carissimo,
959 4447 996 4489 ne
1014 4428 1202 4507 posteritatis
1226 4427 1423 4497 cassabone
1443 4448 1561 4507 queque
1581 4429 1725 4490 recudere
1749 4441 1910 4511 gravetur,
1942 4451 2011 4495 cnm
2031 4434 2059 4495 in
2077 4449 2128 4493 aaa

202 4528 342 4608 „multas
358 4541 511 4604 nunquam
527 4519 663 4600 proditas
677 4528 767 4579 antea
780 4513 992 4578 contulerim.”

245 4645 352 4707 Nimis
374 4644 470 4727 pleno
493 4658 549 4704 ore
570 4638 738 4700 Paucorus
760 4636 812 4699 hie
834 4634 916 4697 alios
938 4629 1171 4712 perstrinxisse
1191 4627 1335 4709 videtur,
1368 4649 1466 4713 quum
1488 4630 1559 4693 eius
1587 4648 1727 4694 censure
1754 4651 1816 4694 nen
1848 4635 2023 4699 conveniat
2044 4635 2129 4698 nono

119 4732 212 4795 tertio
234 4729 453 4806 lIrIordiensi,
487 4743 593 4807 neque
619 4721 802 4784 basileensi
830 4716 1004 4781 convenire
1031 4715 1186 4778 videatur.
1241 4712 1470 4779 'Continentur
1497 4725 1605 4779 autem
1634 4715 1700 4780 bec
1729 4716 1832 4780 'Ieme
1861 4717 1942 4783 btv
1972 4722 2128 4796 cationes,

118 4836 182 4880 una
204 4815 342 4899 epistola
368 4824 402 4878 et
424 4813 473 4875 IX
495 4809 704 4893 quaestiones
727 4805 942 4891 academicae.

152 5018 182 5032 ..
221 4929 340 5033 ,Quod
363 4929 530 4992 Peucerns
553 4927 584 4988 in
607 4921 808 5008 praelatione
831 4918 994 5003 promisit,
1021 4935 1059 4979 se
1082 4914 1240 4980 editurum
1264 4935 1342 4981 esse
1365 4917 1663 4998 'Iemumqaartum
1678 4916 1976 5004 Declamatienum,
1995 4920 2026 4986 id
2046 4874 2129 5005 prae·

119 5026 199 5082 strat
221 5037 284 5082 ram
306 5033 390 5079 anuo
413 5022 581 5094 sequente.
656 5072 661 5083 ,

285 5135 318 5198 d.
367 5126 486 5193 Tamna
506 5130 642 5214 quartus
665 5124 749 5185 enim
773 5118 1049 5184 Declamationum
1072 5117 1187 5202 prodiit
1209 5119 1259 5183 sic
1280 5118 1469 5198 inscriptus:

203 5236 434 5318 ‚,setectarom
456 5227 734 5329 Declamationum
757 5224 816 5287 Pb.
840 5222 938 5321 bleb,
972 5238 1055 5302 quas
1077 5223 1270 5303 conseripsit
1291 5231 1326 5283 et
1347 5221 1461 5302 partim
1484 5222 1556 5303 ipse
1578 5223 1610 5282 in
1632 5222 1748 5286 sclicla
1769 5221 2005 5310 Vitebergensi
2027 5231 2130 5292 recita·

203 5322 298 5403 „vit‚
329 5316 545 5467 partimnalns
575 5309 758 5393 recitandas
790 5309 945 5371 exhibuit
986 5303 1105 5367 nomio
1127 5311 1273 5405 qrtaptaa.
1318 5304 1402 5369 Cum
1425 5307 1530 5387 gratia
1551 5315 1585 5370 et
1607 5307 1786 5405 priuilegio.
1831 5309 2043 5397 Argentenei
2063 5332 2131 5379 anea

194 5405 321 5488 „nala
359 5402 447 5468 VIII.
510 5396 576 5462 9³³
597 5413 697 5480 pagg.
727 5395 757 5459 8.
802 5392 975 5474 (Recusus
997 5391 1206 5474 Argentoratr
1224 5410 1253 5454 a.
1279 5389 1374 5454 1580.
1390 5390 1513 5492 distiti.)
