4546 5760
671 208 998 303 CbRbssllUM
1045 209 1157 293 tut
1186 209 1270 292 ut.

95 382 213 474 mibi,
237 385 444 480 bellumque
457 382 548 459 torte
561 401 732 477 posceret,

92 484 269 565 'dhostem
286 488 495 560 dimicantes
509 489 643 580 praelio
748 551 753 562 .

92 606 204 674 erent,
231 616 320 661 num
334 591 448 661 filium
464 589 588 663 mortis
604 604 702 662 metu

92 720 133 765 un
150 695 189 764 in
205 694 316 762 aciem
332 692 496 764 mittere?
546 689 694 763 Attero
711 688 802 764 milri

91 819 144 889 ego
163 807 246 888 opto
263 793 376 880 lilios,
400 793 464 885 qui
480 793 621 864 fortiter

91 898 257 983 clientur,
284 910 319 968 et
335 895 448 965 velint
463 895 632 965 excellere

91 1000 170 1071 'irus
188 998 319 1068 virtute
334 995 420 1066 clari
439 1010 605 1082 caeteros,

91 1115 116 1173 tt
131 1102 170 1172 in
186 1101 274 1170 urbe
290 1122 354 1169 ceu
369 1099 501 1189 figurae
516 1098 672 1185 inutiles,

90 1216 142 1277 eta
158 1227 222 1274 eeu
237 1196 452 1270 simulachra
467 1201 617 1291 parietes
633 1213 766 1273 tenent.

90 1328 145 1399 spe
156 1318 311 1375 matrum
324 1297 517 1373 lachrimas
532 1327 612 1373 cum
627 1302 694 1371 filii

90 1407 257 1490 induunt,
283 1404 421 1475 animos
436 1426 560 1473 eorum
576 1402 815 1473 effoeminant.

89 1539 95 1579 ι
110 1508 262 1580 eiulatus
276 1520 381 1600 atque
394 1504 520 1574 mollia
539 1519 679 1595 pectora

89 1612 188 1688 tudo,
215 1608 345 1703 quibus
360 1607 485 1697 ignava
502 1603 574 1675 vita
589 1601 732 1675 charior

89 1716 213 1796 iorum,
237 1733 342 1803 quam
359 1711 464 1779 decus
478 1701 770 1798 pulcherrimum

89 1840 116 1886 te
130 1813 203 1885 suis
219 1813 367 1881 suadere
384 1808 641 1902 turpitudinem

89 1930 123 2002 t,
147 1909 283 1984 honore
300 1936 365 1983 nec
380 1905 577 2004 sepulchri,
597 1925 632 1983 et
648 1911 780 2004 posteri

88 2030 157 2091 rtur
171 2015 427 2106 adprobatione
440 2011 563 2095 seculi,

88 2118 263 2215 praedicat
280 2116 446 2187 virtutem
464 2137 589 2183 eorum
604 2113 771 2183 laudibus

87 2234 117 2292 et
132 2218 415 2303 immortalibus,
441 2215 503 2308 qui
522 2215 672 2306 patriam

87 2323 153 2417 epla
171 2334 373 2411 protexere,
399 2341 464 2387 nec
480 2316 605 2385 mortis
621 2331 716 2386 metu

88 2448 106 2495 e
123 2422 252 2492 nostris
266 2416 450 2498 hostibus,
478 2442 543 2486 nec
558 2418 767 2506 sangninem

87 2549 152 2620 que
169 2524 378 2594 dubitarunt
391 2545 490 2591 suam
509 2520 735 2611 profundere.

86 2654 120 2699 ae
137 2640 277 2695 nostrae
292 2625 412 2695 lutura
426 2636 477 2693 est
493 2620 607 2711 gloria

86 2756 140 2814 ra,
165 2729 194 2797 si
209 2751 273 2817 pro
289 2726 403 2817 patria
419 2737 567 2793 mortem
586 2735 741 2813 oppetat,

86 2854 208 2924 resque
223 2827 377 2897 servabit
395 2848 533 2895 sorores
548 2825 664 2893 unica.
771 2845 773 2849 ·
812 2855 815 2859 ·

86 2955 217 3020 mergo
235 2942 397 3019 gnatam,
422 2940 462 2996 ut
477 2928 536 2995 fiat
554 2921 668 2994 hostia
686 2926 832 2996 civibus.

90 3037 144 3104 ico
161 3034 255 3101 enirn
276 3053 349 3100 esse
365 3029 507 3121 proprie
523 3028 629 3097 tmins
645 3051 768 3112 meam,

87 3139 155 3207 uod
174 3159 215 3204 ex
232 3129 313 3202 alvu
329 3156 405 3200 mea
421 3154 484 3200 ceu
502 3129 660 3220 plantula
781 3131 784 3137 '

85 3252 137 3310 est.
190 3234 238 3306 At
256 3235 343 3304 urbe
357 3231 493 3323 perdita
509 3230 615 3299 simul
633 3231 751 3300 omnia

84 3367 90 3410 e
105 3361 240 3432 nosque
254 3336 455 3427 liberosque
470 3354 663 3404 cernerem.

85 3441 200 3513 ixeris.
248 3432 414 3508 Extincto
430 3435 461 3504 si
476 3433 520 3502 sit
532 3433 615 3514 filia,

84 3568 126 3614 na
143 3543 182 3611 in
199 3540 288 3609 urbe
307 3551 442 3629 sceptra
459 3535 587 3606 deinde
602 3532 776 3604 amittere

84 3649 190 3716 terent
205 3655 246 3712 ut
261 3641 353 3726 iata,
376 3640 483 3730 stirps
500 3650 584 3708 tnnc
600 3636 709 3705 altera

83 3773 118 3818 oe
133 3759 253 3814 nostra
270 3741 465 3833 principem
482 3751 598 3809 teneat
621 3738 751 3808 locum.

83 3875 134 3921 sse
150 3845 300 3939 patriam
316 3845 430 3913 maius
446 3854 498 3911 est
513 3862 621 3929 regno
637 3840 759 3908 decus:

83 3975 133 4048 [ue
151 3949 315 4020 voluntas
330 3957 423 4014 recta
440 3943 487 4013 sit
504 3945 598 4035 quod
617 3959 802 4031 possumus

82 4068 173 4132 tare,
199 4049 336 4139 legibus
351 4046 434 4116 volo
458 4041 685 4115 sanctissimis

83 4181 122 4241 e,
144 4177 208 4222 nec
223 4150 357 4220 violare
373 4171 431 4217 eas
448 4146 566 4216 sciens
581 4143 701 4215 velim.
792 4153 794 4157 '

82 4258 177 4331 terim
196 4253 296 4323 fruar
309 4249 413 4321 bonis
428 4244 689 4324 communibus,

82 4385 106 4430 n
122 4355 269 4438 ordine,
289 4366 392 4444 atque
409 4348 596 4440 disciplina
611 4346 756 4431 civium,

92 4486 148 4532 me
161 4456 302 4529 volente
318 4454 438 4523 nullus
453 4447 513 4521 hie
527 4448 708 4530 deleverit,

81 4567 154 4634 rede
167 4573 317 4631 stantem
333 4554 514 4625 Palladem
529 4549 740 4629 firmissima,

81 4689 160 4760 tque
175 4660 346 4734 terrificos
361 4669 540 4728 tenentem
556 4650 735 4742 Gorgonis

84 4792 120 4839 es
137 4762 313 4846 movebit,
339 4773 399 4829 aut
414 4760 459 4829 ab
475 4753 602 4827 Arctoa
617 4754 720 4846 plaga
778 4842 781 4846 ‚

80 4864 201 4963 ›lphus
214 4861 284 4934 hnc
299 4861 490 4931 exercitum
506 4861 636 4928 ducent
649 4856 777 4940 ferum,

80 4972 237 5043 sarbarae
255 4964 369 5055 gentis
383 4962 484 5032 furor
497 4955 769 5030 Thracensium.

80 5073 155 5146 istis
170 5066 229 5139 hic
243 5060 412 5157 trophaea
429 5062 510 5152 liget
526 5062 673 5152 uspiam,

80 5200 100 5247 s
115 5165 317 5262 triumphos
331 5160 390 5235 hic
408 5180 504 5254 aget,
529 5185 595 5233 nec
609 5164 729 5232 laurea

79 5280 131 5349 ice
143 5273 299 5367 glorians
316 5267 466 5359 superbe
481 5265 678 5335 ornabitur.

79 5381 159 5462 edo,
184 5376 278 5447 rives
293 5370 473 5440 victimam
490 5362 575 5438 hinc
591 5363 768 5448 abducite,

79 5508 202 5555 ranan.
228 5480 333 5546 Orrn.
359 5476 445 5543 Vos..
469 5471 518 5540 X.

994 381 1043 458 Ut
1059 387 1155 457 salva
1171 384 1219 458 sit
1231 383 1427 480 victrixque
1442 386 1708 480 nostra-patrio.

993 485 1084 559 Nam
1102 487 1194 559 tiliae
1208 486 1302 559 vitae
1318 488 1467 560 salutem
1483 489 1675 581 publicam,

993 588 1147 663 lmmote
1163 602 1231 661 stat
1247 589 1438 676 sententia,
1464 603 1691 682 anteponere.

993 685 1029 760 0
1048 691 1161 782 patria
1177 691 1314 765 utinam
1330 691 1480 783 diligant
1496 707 1532 764 te
1545 693 1679 784 singuli

992 789 1115 876 Cives,
1142 806 1181 863 ut
1198 789 1266 864 boe
1283 795 1383 864 ardet
1399 817 1516 864 meum
1532 810 1653 885 pectus
1668 794 1722 867 tui

992 889 1127 965 Amore
1143 918 1243 980 vero,
1269 893 1300 965 si
1315 895 1480 965 voluntas
1496 896 1698 988 principum

994 992 1095 1067 Talis
1109 997 1219 1082 toret,
1244 995 1475 1090 tranquillior
1493 1011 1602 1068 status
1620 1012 1702 1068 tuus

993 1096 1177 1183 Maneret,
1203 1111 1237 1169 et
1255 1110 1372 1168 motus
1388 1099 1600 1169 domesticos
1617 1100 1701 1170 mali

992 1196 1096 1269 Ciare
1114 1223 1188 1270 non
1206 1213 1366 1292 possent,
1392 1214 1426 1270 et
1441 1194 1557 1271 hostes
1575 1213 1713 1273 exteros

994 1295 1125 1371 Arcera
1143 1315 1260 1394 posset
1275 1301 1437 1372 omnium
1455 1301 1657 1373 c'oncordia.
1738 1306 1741 1312 ’

993 1617 1061 1711 No.
1078 1637 1165 1711 222.

1003 1733 1173 1766 w

1708 1648 1740 1714 6.
1763 1646 1829 1712 len.
1857 1649 1953 1723 1546.

1668 1744 1984 1789 m

1064 1852 1176 1908 Editem
1194 1868 1225 1906 er
1242 1849 1409 1920 ortographo
1421 1849 1448 1903 in
1463 1850 1585 1905 Hertela‘t
1603 1869 1697 1922 progr.
1708 1857 1862 1926 „Getam
1880 1869 1929 1920 aaa
1943 1864 1985 1923 Μ

1097 1926 1154 1988 sets
1171 1924 1212 1978 tec
1229 1920 1407 1986 &emmaum
1429 1921 1492 1979 tttcr
1517 1923 1555 1979 tte
1573 1919 1741 1993 &tactorum
1766 1935 1838 1994 autre
1855 1930 1987 1997 &deum

1100 1989 1302 2114 mid-”⁸⁸
1324 1991 1422 2056 stolam
1440 1991 1620 2058 trudendus
1638 1994 1986 2078 nuncupationum

1100 2056 1402 2198 qlzeqrmu'lffirpt
1418 2077 1446 2132 p.
1461 2061 1505 2116 20.
1542 2061 1637 2134 (Apud
1658 2061 1833 2119 vincentium
1851 2067 1905 2126 boc
1922 2088 1985 2127 cor·

1435 2281 1568 2359 1546,

1000 2430 1165 2521 Moenia,
1192 2461 1282 2531 quae
1297 2450 1428 2508 vestras
1445 2437 1667 2511 circumdant
1684 2436 1784 2514 Iona
1801 2444 1952 2538 Salinas,

1052 2533 1121 2605 Vix
1135 2538 1317 2611 delassatis
1332 2561 1457 2609 currus
1473 2540 1587 2611 adibit
1603 2543 1711 2636 equis,
1910 2544 1912 2548 ’

1000 2634 1105 2708 Tnnc
1118 2643 1263 2733 quando
1278 2639 1466 2731 Hesperias
1482 2635 1648 2714 Phoebus
1664 2646 1803 2717 labetur
1817 2649 1855 2719 in
1871 2657 1987 2726 undas

950 2822 953 2827 Ι
1051 2735 1215 2835 Cumque
1230 2740 1350 2813 Iovem
1368 2741 1565 2831 Aegoceros
1580 2746 1618 2814 in
1634 2770 1731 2817 mare
1746 2761 1867 2824 torvus
1890 2771 1985 2846 aget3

1000 2836 1226 2936 Pulchraque
1242 2845 1312 2914 iam
1325 2845 1465 2912 rediens
1479 2849 1658 2917 nascentia
1668 2873 1800 2921 cornua
1815 2857 1860 2924 ad
1870 2853 1987 2930 Durus

1053 2940 1189 3016 Hausto
1205 2958 1387 3016 convertet
1403 2944 1539 3015 lumine
1552 2945 1653 3017 launa
1669 2975 1781 3022 novo:

1001 3041 1114 3116 Cuius
1127 3060 1168 3120 ut
1182 3047 1353 3139 adspicies
1368 3047 1514 3117 formosi
1531 3049 1654 3120 sideris
1670 3075 1731 3122 ora

1054 3145 1157 3217 Talia
1171 3152 1317 3221 adorato
1332 3147 1442 3218 dicito
1459 3151 1565 3219 verba
1579 3147 1673 3222 Deo:

1002 3246 1144 3340 Indiga,
1169 3251 1248 3321 luce
1263 3252 1317 3323 tui
1336 3251 1476 3340 perfusa
1489 3247 1648 3322 Ecclesia
1664 3257 1772 3344 gnati,

1053 3349 1180 3441 Fulget
1193 3368 1232 3424 ut
1246 3377 1266 3422 a
1283 3347 1430 3423 Phoebo
1444 3353 1580 3423 lumina
1598 3354 1681 3424 luna
1699 3350 1836 3433 trahit(

1004 3448 1103 3540 Ergo
1118 3455 1188 3523 tuis
1202 3455 1310 3524 radiis
1325 3453 1463 3523 illustra
1480 3468 1619 3545 pectora
1637 3471 1768 3540 nostra,

1055 3551 1091 3625 Ο
1106 3551 1248 3627 Christe
1261 3555 1394 3626 aeterni
1411 3569 1514 3645 gnate
1531 3568 1565 3625 et
1581 3555 1695 3648 imago
1716 3561 1836 3652 patris.
1927 3566 1929 3573 '

1085 3701 1161 3773 (Alia
1178 3720 1261 3758 manu
1274 3702 1441 3776 adscriptum
1455 3713 1510 3760 ert:
1527 3703 1564 3758 In
1578 3703 1748 3772 lebbeum
1762 3709 1902 3784 Domtbi.)

1032 4054 1099 4129 No.
1125 4055 1237 4129 223..

1013 4152 1246 4187 Μ

1650 4079 1781 4128 exeunte
1805 4088 1855 4135 nn.
1881 4068 1993 4143 1546.¹

1634 4151 1992 4205 ψ

1075 4266 1157 4340 apua
1167 4266 1342 4323 vincentiana
1356 4285 1382 4336 p.
1396 4267 1439 4325 75.
1453 4294 1490 4308 -
1526 4269 1708 4341 apographon
1723 4270 1752 4324 in
1767 4272 1921 4332 eodGotb.
1932 4278 1989 4335 114.

1109 4355 1136 4408 p.
1158 4333 1231 4396 891².
1262 4336 1311 4389 ubi
1330 4336 1489 4390 Melanthon
1512 4336 1613 4392 dicitur
1632 4337 1686 4393 boc
1706 4359 1815 4395 carmen
1836 4342 1933 4399 fecisse
1960 4349 1989 4402 in
2044 4383 2046 4387 <

1110 4406 1293 4474 Meurits'um,
1310 4403 1417 4459 Ducem
1429 4405 1578 4476 Suoniae,
1603 4406 1706 4461 bellum
1721 4407 1882 4465 inserentem
1896 4413 1991 4473 loanni

1108 4475 1267 4534 Friderieo.
1284 4472 1413 4529 Electori.

1232 4635 1293 4706 De
1308 4576 1492 4707 Aoaatom
1505 4630 1583 4732 filio
1597 4633 1770 4708 Doridis.

1007 4799 1170 4892 Degener
1184 4801 1525 4895 immerito'rapuisti
1541 4814 1674 4892 sceptra
1690 4806 1839 4894 parenti,

1058 4902 1094 4977 0
1115 4905 1253 4977 iuvenis
1267 4905 1401 4997 patriae
1416 4904 1523 4996 pestis
1538 4906 1662 4974 acerba
1680 4920 1772 4977 tuae.

1008 5003 1124 5095 Digna
1140 5006 1210 5077 tuis
1226 5000 1373 5100 laetis')
1389 5008 1448 5076 sed
1466 5029 1579 5099 poena
1597 5020 1730 5094 secuta,
1756 5025 1940 5101 vagantem

1061 5108 1264 5180 Fraudibus
1276 5108 1434 5179 arboreis
1447 5108 1652 5201 implicuere
1668 5133 1797 5186 comae.

1011 5281 1224 5295 -—--

1042 5372 1075 5446 a>
1095 5371 1165 5430 coa.
1178 5368 1262 5427 nou.
1282 5368 1470 5516 ²¹⁴5·3‘⁰‘““
