4546 5760
56 168 59 173 ·
111 171 161 248 ⁵⁶
287 160 746 251 uers'rouauuu,
769 152 1153 239 murcroauu
1177 151 1260 231 ur.-
1278 153 1676 235 scaurorum
1701 157 1962 287 arrexit.
2101 155 2151 229 oo

112 343 179 415 No.
206 341 319 418 7046.

119 440 331 483 m

538 547 676 634 tttv.

183 723 281 776 Manlii
294 723 394 793 iarrsg.
410 741 437 792 p.
449 722 511 779 496.
532 749 567 763 -
605 722 665 793 Apo
685 741 708 775 r.
722 719 752 775 in
767 721 830 777 cod.
847 720 931 775 eost.
947 718 990 774 19.
1005 735 1032 789 p.
1047 714 1105 770 rab

218 801 243 845 ct
259 791 286 845 in
304 792 365 849 cod.
379 791 474 845 Mcbu.
490 791 533 846 111.
547 810 573 860 p.
584 786 628 846 78.
678 810 694 843 n
712 791 792 844 codd.
811 786 985 843 inscribitur:
1023 784 1105 856 ,Epi-

217 860 286 914 stola
307 861 374 917 Met.
393 861 501 916 cuidem
527 859 695 915 adolescenti
716 861 913 932 praescripta.”
955 857 987 911 ln
1007 825 1105 910 itantti

214 929 453 1002 farrsgautcmz,
532 984 535 989 ,

94 1114 107 1125 ’
142 1108 283 1183 Sodali
305 1137 374 1184 suo
400 1107 623 1184 charissimo
648 1053 954 1189 ammius
981 1111 1019 1187 S.
1033 1108 1080 1185 D.
1119 1140 1122 1146 ·

115 1264 308 1370 Cognovi,
334 1293 368 1351 te
391 1305 410 1350 a
435 1281 555 1372 pueris
579 1302 718 1371 semper
732 1279 841 1349 fuisse
860 1279 1035 1348 bonarum
1060 1275 1106 1342 li-

116 1398 271 1452 terarum
289 1383 480 1452 admodum
492 1378 527 1477 ι)
541 1383 761 1466 studiosum,
787 1394 821 1451 et
835 1405 915 1449 cum
932 1379 1057 1473 primis
1091 1373 1106 1472 )

117 1484 262 1574 ingenio
286 1485 358 1553 acri
375 1480 421 1579 ²).
468 1481 570 1565 ,Cum
594 1496 711 1553 autem
734 1495 767 1553 te
793 1494 941 1574 propter
963 1504 1104 1550 morum

116 1585 325 1656 suavitatem
353 1608 490 1674 semper
524 1586 628 1654 unice
658 1581 894 1674 amaverim)
924 1605 998 1651 non
1024 1603 1104 1672 pos—

116 1704 196 1756 sum
215 1688 349 1772 iacere,
384 1689 472 1780 quin
497 1689 541 1756 de
565 1686 693 1758 studiis
716 1687 786 1756 tuis
808 1687 988 1756 interdum
1010 1683 1105 1772 cogi-

116 1802 200 1860 tem.
251 1785 496 1885 Postquam‘)
522 1801 640 1858 autem
667 1788 706 1856 iu
733 1789 848 1880 patria
881 1786 999 1856 nescio
1034 1810 1105 1879 quo

116 1890 212 1960 malo
229 1890 300 1960 ia'to
317 1885 458 1960 scholae
481 1893 644 1960 desertae·
662 1904 765 1975 sunt,
791 1904 825 1961 et
849 1889 964 1960 studia
985 1887 1106 1959 litera-

117 1984 199 2062 rum
227 1994 346 2061 omnia
364 1989 402 2083 ⁶)
429 1992 577 2081 frigent,
617 1985 846 2063 vehementer
877 1990 999 2075 doleo,
1039 1988 1104 2058 tibi

118 2088 238 2164 deesse
254 2107 494 2185 praeceptores
506 2095 551 2162 ad
566 2093 794 2164 formandum
805 2092 988 2184 ingenium
1003 2104 1103 2161 tuum

117 2196 278 2266 idoneos.
332 2194 453 2284 Quare
467 2196 553 2264 duxi
569 2189 636 2264 hac
649 2197 693 2264 de
715 2219 754 2264 re
775 2220 893 2265 meum
915 2193 1103 2264 consilium

118 2299 165 2392 ad
184 2311 218 2367 te
241 2297 532 2389 perscribendum
552 2292 689 2388 *esse⁷),
714 2298 811 2389 quod
833 2308 868 2368 te
891 2317 980 2385 rogo
999 2307 1040 2365 ut
1065 2294 1105 2361 in
1176 2362 1185 2381 ,

117 2401 248 2470 bonam
265 2413 399 2491 partem
418 2399 578 2490 accipias.
609 2464 615 2471 .
632 2394 733 2469 Nihil
746 2399 841 2467 enim
866 2392 977 2491 ribt⁸)
998 2393 1103 2488 'prae-

117 2503 255 2591 scribo,
278 2504 340 2571 sed
357 2501 528 2590 singulari
547 2504 704 2593 quodam
720 2514 781 2570 tuo
797 2523 917 2568 amore
931 2499 1104 2566 adductus

117 2622 216 2688 sum,
243 2617 302 2688 ut,
327 2606 423 2696 quod
439 2603 592 2670 maxime
614 2602 679 2672 tibi
702 2601 926 2692 profuturum
949 2621 1023 2668 esse
1046 2620 1103 2666 ar-

117 2704 294 2789 bitrabar,
320 2727 544 2794 exponerem.
598 2701 798 2771 Plurimum
818 2703 942 2784 refert,
967 2713 1102 2770 etene-

117 2806 167 2874 ris
182 2808 299 2876 statim
308 2800 339 2896 ⁹)
357 2805 496 2875 institui
515 2806 559 2872 ab
575 2805 719 2895 optimis
729 2804 934 2874 doctoribus
943 2797 986 2896 ιο)
1003 2801 1102 2871 cuius

117 2906 168 2976 rei
186 2909 339 2978 maxima
350 2902 396 3005 Ι“)
409 2918 460 2976 est
479 2904 625 2976 facultas
641 2906 679 2973 in
695 2918 815 2975 nostra
827 2899 1036 2988 Academia,
1064 2903 1102 2969 in

117 3032 185 3102 qua
208 3010 338 3079 florent
361 3007 522 3078 omnium
550 3003 738 3102 artium¹²)
770 3020 805 3078 et
832 3005 1102 3097 disciplinarum

115 3112 250 3190 studia,
277 3124 406 3181 etcum
423 3109 646 3202 eloquentiae
662 3119 737 3178 tum
754 3103 1001 3200 philosophiae
1018 3129 1103 3199 pro-

1157 326 1307 417 ligenter
1329 323 1417 416 ⁶5²⁸)
1444 331 1728 420 magnitudinem
1751 333 1914 405 mittatis
1941 330 2148 424 exposueris

1156 443 1263 522 atque
1278 433 1494 516 ostenderis,
1518 441 1692 526 quantum
1709 437 1838 507 studiis
1860 437 1933 506 tuis
1955 431 2043 505 boec
2061 456 2148 524 pro·

1155 531 1247 603 fecto
1270 535 1532 622 collaturasit,
1573 531 1830 631 †Quanquam
1851 534 1911 608 hic
1925 530 2072 631 mihi¹⁶)
2091 537 2149 604 lo·

1157 657 1220 703 cus
1234 649 1385 726 propter.
1394 638 1512 707 studia
1527 635 1804 709 iucundissimus
1821 654 1890 724 est,
1915 638 2038 710 tamen
2048 637 2147 707 mul·

1158 750 1195 805 to
1209 736 1352 809 futurus
1364 753 1452 808 esset
1469 738 1613 827 gratior,
1639 741 1670 809 si
1687 736 1773 812 hacc
1791 737 1882 811 mibi
1894 742 2047 812 felicitae
2058 762 2147 809 cou-

1159 837 1333 925 tingeret‚
1356 855 1397 911 ut
1413 837 1526 930 uti¹⁷)
1543 844 1874 932 tusccnsuetudine
1889 867 2040 934 possem,
2055 864 2148 934 quac

1159 935 1249 1009 mibi
1263 937 1401 1032 semper
1413 943 1482 1013 fuit
1493 944 1692 1032 gratissima
1705 956 1738 1019 et
1748 945 1969 1021 suavissima.
1993 942 2101 1015 Tunc
2110 935 2149 1034 ιε)

1158 1065 1243 1113 vero
1258 1043 1296 1113 iu
1313 1044 1442 1115 studiis
1465 1046 1614 1115 multum
1638 1049 1764 1132 refert,
1789 1071 1871 1116 cum
1895 1043 2064 1117 haberem
2088 1066 2148 1113 ae·

1159 1144 1301 1235 qualem
1324 1160 1428 1238 atque
1450 1147 1625 1232 amicum,
1657 1172 1811 1242 quocum
1841 1150 1954 1219 libere
1974 1148 2148 1238 colloqui,

1159 1268 1323 1338 measque
1344 1250 1574 1337 cogitationes
1597 1265 1701 1343 atque
1727 1251 1856 1341 scripta
1875 1252 2041 1321 'conferre
2065 1270 2147 1340 poss

1068 1372 1081 1403 ι
1159 1368 1251 1431 sem,
1276 1349 1339 1440 qui
1354 1373 1490 1419 mecum
1507 1364 1666 1420 amanter
1680 1353 1718 1421 in
1733 1354 1859 1421 eodem
1877 1352 2055 1422 curriculo
2070 1374 2148 1420 cer-

1159 1460 1259 1520 taret.
1310 1448 1398 1520 Peto
1414 1452 1523 1541 igitur
1539 1455 1601 1523 abs
1618 1466 1671 1536 te,
1695 1469 1737 1526 ut
1750 1449 1840 1522 mihi
1865 1453 2146 1546 quamprimum

1158 1550 1348 1631 rescribas,
1374 1555 1459 1645 quid
1478 1555 1543 1623 tibi
1562 1556 1740 1635 videatur,
1767 1558 1904 1647 etquid
1926 1581 1945 1625 a
1964 1571 2063 1646 patre
2078 1554 2148 1621 im-

1159 1667 1296 1742 petrare
1320 1677 1421 1743 posse
1445 1656 1631 1728 existimes.
1689 1652 1791 1725 Nihil
1813 1658 1930 1749 accepi
1954 1655 2148 1726 nunciam

1159 1753 1222 1822 diu
1238 1778 1279 1823 ex
1294 1752 1426 1826 Norico
1442 1770 1570 1829 vestro.
1623 1754 1663 1826 ld
1680 1746 1969 1849 praetermorem
1990 1746 2070 1826 fieri
2089 1756 2149 1825 di·

1159 1869 1260 1939 cunt;
1287 1879 1396 1948 quare
1410 1859 1694 1946 valdeangorde
1717 1860 1826 1950 patris
1851 1861 1920 1929 mei
1940 1857 2146 1930 valetudine

1159 1980 1199 2025 ac
1220 1969 1314 2027 statu
1328 1951 1391 2050 ¹⁹).
1442 1957 1537 2030 Illud
1562 1959 1666 2031 etiam
1689 1973 1790 2052 peto,
1816 1975 1858 2032 ut
1885 1962 1929 2030 de
1952 1973 2027 2030 toto
2049 1973 2146 2030 statu

1159 2058 1292 2148 patriae
1306 2060 1350 2128 ad
1365 2084 1421 2128 me
1435 2062 1587 2146 scribas,
1602 2085 1649 2130 an
1665 2062 1858 2156 tranquilla
1875 2064 1921 2133 sit
1934 2061 2147 2153 respublica,

1158 2183 1249 2251 quae
1263 2161 1354 2229 fama
1377 2162 1478 2231 sitde
1501 2164 1606 2233 rebus
1620 2161 1840 2234 Caesarianis
1863 2177 1969 2257 atque
1994 2161 2145 2252 Hungu-

1157 2261 1251 2332 ricis.
1301 2258 1403 2330 Nihil
1425 2278 1527 2355 putes
1550 2262 1699 2335 te‘mihi
1720 2267 1834 2336 facere
1856 2267 2010 2356 gratius,
2035 2286 2146 2360 quam

1157 2386 1188 2431 ει
1200 2363 1441 2455 copiosissime
1455 2363 1705 2462 scripseris²⁰).
1757 2363 1940 2458 Vale.''²¹)

1696 2585 2150 2612 „manaan-n.-

1156 2751 1222 2826 No.
1238 2750 1352 2827 7046.
1464 2744 1473 2753 ’

1161 2849 1334 2893 m

1521 2955 1755 3071 (Firerio.)

1259 3123 1356 3189 Ms'olii
1369 3133 1468 3205 ferrrg.
1485 3152 1512 3204 p.
1527 3132 1579 3188 497
1591 3123 1632 3206 sip.
1743 3143 1746 3147 ’

22 3259 29 3272 -
114 3213 263 3281 sessores
279 3208 449 3283 habemus
464 3235 539 3279 non
554 3212 843 3282 contemnendos.
889 3206 947 3278 Ad
963 3203 1102 3277 hocac-
1166 3266 1169 3271 .

116 3315 247 3384 cedunt
267 3335 386 3384 sacrae
408 3314 548 3397 literae,
569 3316 724 3405 qu‘arum
745 3306 883 3380 homini
908 3305 1103 3380 christiano

116 3415 272 3505 cognitio
286 3415 480 3484 necessaria
503 3428 563 3484 est.
618 3411 731 3482 Valde
757 3412 865 3504 igitur
886 3405 1104 3505 optarim¹³)‚

117 3531 150 3615 te
166 3539 271 3608 quam
287 3518 444 3609 primum
464 3511 534 3586 huc
555 3515 735 3588 advolare.
786 3512 944 3584 Proinde
965 3509 1033 3584 hae
1059 3514 1104 3582 de

115 3613 211 3713 r'e¹')
227 3620 306 3689 ¹cum
325 3620 508 3710 patre'tuo
532 3639 630 3707 agas,
662 3616 726 3709 qui
751 3614 816 3684 etsi
844 3628 1006 3708 sumptus
1029 3614 1103 3684 for-

114 3733 204 3791 tasse
217 3730 369 3805 metuet,
395 3732 514 3791 tamen
531 3718 724 3812 expugnari
740 3718 977 3809 poteritate,
1001 3716 1033 3787 si
1047 3716 1104 3785 di-

111 3925 339 3942 m

150 4032 177 4096 1)
195 4035 369 4098 admodum]
387 4032 462 4086 abest
475 4052 491 4087 a
506 4030 589 4087 codd.

146 4117 177 4181 2)
196 4120 382 4182 cumprimis]
401 4135 456 4170 non
472 4115 555 4172 babet
568 4115 656 4173 Mart.

145 4201 371 4337 &hdrp‘dtitisebm
386 4220 436 4272 pro
451 4211 598 4322 ezepmpr.
613 4198 705 4254 babet:
723 4209 750 4254 et
770 4199 913 4268 srirgulori
927 4199 1103 4270 mgendsoe·

202 4289 286 4323 osne
312 4287 470 4337 uuseproe
490 4288 574 4324 rum.

100 4365 103 4368 ⁴
144 4371 175 4437 4)
195 4371 266 4425 cot.
286 4368 381 4428 Mebu.
400 4371 565 4426 duxerim.

145 4456 176 4520 5]
196 4455 266 4510 Cod.
281 4454 364 4510 Goth.
380 4453 422 4510 19.
431 4465 631 4523 peraequum.

145 4541 173 4610 6)
191 4539 374 4597 Marinum.

1108 3301 1114 3317 '
1206 3281 1321 3393 Patri
1342 3269 1422 3357 suo¹
1436 3281 1658 3359 charustmo
1680 3286 1731 3365 H.
1754 3282 1803 3364 F.
1829 3281 2109 3393 (Firmius)

1156 3422 1205 3512 Sa
1227 3435 1278 3508 di.
1330 3437 1523 3530 Sperabam
1540 3460 1598 3516 me
1611 3441 1733 3510 literas
1748 3441 1786 3510 in
1801 3441 1952 3536 Lipsicis
1967 3449 2144 3518 ntrndinis

1158 3540 1313 3609 ianuarii
1336 3565 1356 3610 a
1378 3555 1412 3610 te
1429 3546 1654 3633 acceptorum
1675 3565 1760 3616 esse.
1809 3536 1861 3614 Ea
1886 3569 1964 3638 spes
1985 3572 2066 3617 cum
2087 3572 2144 3619 mc

1156 3641 1352 3721 fefellisset,
1375 3643 1563 3712 mirum-in
1579 3646 1727 3714 modum
1740 3649 1903 3736 angebat.
1946 3647 2015 3719 Sed
2034 3652 2141 3740 paulo

1157 3755 1237 3834 post
1259 3743 1417 3814 liberasti
1438 3746 1495 3814 me
1511 3747 1612 3814 omni
1634 3747 1875 3818 sollicitudine
1899 3751 2144 3847 molestiaque.

1156 3845 1247 3915 Nam
1272 3847 1371 3915 brevi
1393 3849 1482 3938 post'
1497 3848 1657 3918 redditae
1682 3863 1766 3920 sunt
1790 3849 1879 3920 mihi
1905 3849 2028 3923 literae
2062 3869 2142 3924 tuac

1161 3949 1217 4018 10.
1229 3949 1398 4018 ianuarii.
1449 3947 1604 4047 Fuitq‘ue
1619 3951 1878 4041 optatissimum
1895 3967 2000 4046 atque
2013 3945 2143 4026 iucun-

1156 4050 1360 4136 dissimum,
1392 4054 1491 4144 quod
1516 4052 1691 4140 significas
1709 4065 1744 4122 te
1765 4056 1856 4125 bene
1879 4056 2007 4130 valere.
2059 4054 2140 4129 Non

1157 4153 1306 4221 dubium
1331 4166 1383 4223 est
1403 4148 1511 4239 mihi,
1543 4155 1640 4246 quod
1663 4155 1786 4226 scribis
1810 4168 1843 4224 te
1866 4158 2006 4228 demea
2026 4161 2139 4232 salute

1157 4255 1348 4324 sollicitum
1378 4277 1470 4340 csse,
1504 4279 1585 4324 cum
1608 4258 1770 4335 nondum
1796 4259 2013 4330 intellexeris
2037 4263 2138 4356 quic-

1156 4381 1262 4450 quam
1277 4356 1363 4426 certi
1379 4358 1423 4425 de
1438 4381 1517 4426 meo
1532 4357 1670 4427 itincre.
1719 4356 1825 4428 Facio
1841 4362 1936 4430 enim
1958 4363 2139 4433 coniectu·

1155 4483 1231 4528 ram
1244 4458 1297 4529 tui
1312 4457 1460 4529 amoris:
1482 4460 1527 4528 dc
1540 4484 1619 4529 meo
1637 4484 1720 4530 vero
1738 4461 1893 4532 arbitror
1906 4488 2051 4558 quoque
2079 4461 2141 4537 hac

144 4626 174 4695 7)
191 4625 278 4682 Mani.
297 4626 444 4680 eonsilium
457 4625 639 4679 scribendum
651 4640 731 4688 eam
747 4620 776 4676 in
791 4621 946 4680 codGotb.
955 4633 1022 4692 post
1033 4640 1098 4678 con·
1158 4633 1182 4642 ⁶

180 4698 275 4749 s's'ls'um
288 4704 330 4749 ese
342 4698 463 4758 tomam·
478 4694 541 4748 cod.
554 4692 647 4749 Mebo.
667 4694 718 4760 its,
733 4701 764 4746 ut
777 4692 912 4748 dedimus.

145 4799 174 4861 8)
193 4800 259 4864 tibi]
278 4797 377 4853 excidit
390 4815 405 4850 e
419 4790 509 4850 Maol.
524 4804 607 4853 testu.

143 4885 175 4948 9)
193 4884 282 4940 Codd.
296 4883 414 4947 statim3
431 4880 521 4937 Msol.
534 4891 619 4939 reete.

143 4973 189 5038 10)
210 4968 298 5023 Mani.
318 4970 349 5019 in
363 4967 484 5031 optimis.

144 5057 194 5122 11)
214 5053 302 5108 Mani.
324 5054 382 5105 eius
393 5051 438 5102 rei
447 5066 567 5117 magna.

145 5147 189 5211 19)
210 5143 277 5200 cod.
294 5139 378 5195 Goth.
395 5138 435 5194 19.
453 5140 610 5193 Academia
616 5160 625 5202 ;
637 5135 746 5210 starent
760 5137 837 5191 enim
851 5139 969 5201 artium,

22 5266 25 5270 -
143 5228 187 5296 18)
206 5226 295 5283 Mani.
312 5233 452 5288 optarem.

142 5315 188 5385 11)
208 5313 295 5370 Mani.
316 5312 381 5386 Qua
392 5313 429 5362 de
439 5326 473 5362 re
482 5325 552 5377 ages
564 5324 629 5362 sum
642 5314 697 5364 stc.

1188 4715 1234 4782 15)
1253 4714 1336 4773 Mani.
1354 4723 1382 4771 et
1399 4733 1451 4788 pro
1469 4717 1509 4780 εἰς
1527 4715 1668 4770 mendose.

1188 4804 1232 4869 16)
1253 4805 1333 4871 mdis]
1352 4804 1426 4856 abest
1445 4821 1459 4855 a
1477 4805 1542 4859 cod.
1561 4804 1655 4858 Mebn.

1187 4891 1229 4959 n)
1249 4891 1319 4946 Cod.
1332 4890 1423 4944 Mebn.
1440 4890 1563 4958 lss'csrus’.
1632 4880 1634 4883 ¹

1187 4978 1232 5047 18)
1253 4977 1322 5031 Cod.
1339 4976 1437 5030 Mebn.
1456 4994 1538 5031 meno.

1184 5061 1232 5132 19)
1252 5063 1323 5114 m'lril
1335 5062 1507 5128 acoemeto]
1526 5067 1630 5112 tautum
1644 5059 1671 5112 in
1687 5060 1749 5119 cod.
1766 5063 1863 5118 Mein.

1183 5152 1232 5219 20)
1251 5152 1336 5216 atque
1350 5147 1485 5213 Hungon
1496 5153 1559 5213 ete]
1581 5145 1642 5204 cod.
1660 5146 1799 5205 Goth-19.
1817 5152 1974 5208 nonhabet.

1183 5233 1333 5357 itpisstus
1345 5234 1435 5289 locust
1456 5231 1628 5301 Quanquam
1641 5236 1686 5290 lsic
1699 5245 1764 5308 eto,
1781 5254 1838 5292 oon
1853 5236 1952 5310 legitur
1966 5243 2036 5313 apud
2054 5243 2137 5298 Man·
2155 5316 2159 5322 Ι
