4546 5760
94 203 142 282 ss
665 180 1084 296 ooaus'rr'ouus
1118 158 1516 273 acaoaumaa.
1872 134 1875 141 ¹
2041 210 2116 287 για

94 380 177 454 tiam
198 402 276 451 rem
300 379 433 470 ipsam,
459 371 528 448 boc
549 388 622 467 est,
650 377 807 448 officium
831 375 1006 460 docendi,
1032 386 1066 444 et
1119 370 1159 439 in
1177 378 1316 474 notura
1332 376 1364 439 et
1379 367 1538 438 materia
1556 365 1783 462 onrniafieri
1801 375 2025 465 necessario,
2050 380 2118 453 sed

94 484 229 555 chocem
244 481 455 552 confutandi
469 479 688 552 adversarios
697 477 898 570 Evangelii,
919 479 956 548 id
969 480 1064 572 quod
1119 469 1230 542 etiam
1248 468 1472 542 volontatem
1489 470 1528 540 in
1548 464 1784 563 hominibus,
1811 474 1907 547 velot
1929 484 2113 578 captivam

94 582 205 656 halus
227 595 330 653 vocat
352 583 487 654 bouum
511 605 617 675 opus,
643 593 677 652 et
697 577 861 652 Christus
884 582 986 652 dicit:
1010 579 1066 650 Sit
1119 573 1322 645 necessario
1355 599 1485 668 ogere,
1520 572 1596 645 sive
1621 568 1796 650 honestos
1829 578 1906 650 sint
1940 583 2113 676 actiones,

94 699 188 759 ester
202 685 374 758 minister.
426 683 533 780 Tales
550 698 634 754 suut
650 685 744 753 dona
761 683 846 768 Dei,
873 687 916 753 de
935 683 1066 778 quibus
1118 676 1194 748 sive
1210 674 1433 747 sceleratae?

94 788 261 861 ’aulus‘ex
275 785 417 857 Psalmo
431 786 535 872 dicit,
560 802 601 858 ut
616 780 724 863 hodie
738 786 902 859 audistis:
928 783 1066 856 Ascen-
1219 778 1296 850 Etsi
1313 794 1431 849 autem
1448 778 1576 849 veritas
1592 782 1635 850 de
1651 776 1717 851 hac
1734 787 1973 857 controversia
1990 789 2027 859 in
2046 786 2113 864 hac

94 912 162 963 ens
182 886 348 962 Christus
372 888 412 959 in
440 889 573 975 altum,
601 888 700 958 dedit
721 889 817 959 dona
848 884 1064 957 hominibus.
1117 877 1237 953 schola
1253 878 1323 951 Dei
1345 881 1516 952 beneficio
1532 882 1617 952 satis
1633 885 1804 975 patefacta
1819 900 1889 977 est,
1911 904 2030 962 tamen
2055 919 2113 966 re-

94 996 176 1066 tona
210 993 261 1063 sic
297 989 457 1082 exponit:
505 988 614 1061 Dedit
648 992 821 1084 quosdam
855 987 1064 1083 Apostolos,
1118 985 1242 1078 petitio
1269 999 1304 1055 et
1336 984 1494 1054 illustrat
1533 1009 1694 1072 causam,
1728 999 1762 1056 et
1794 1002 1888 1059 recte
1922 995 2113 1089 sentientes

94 1096 246 1180 uosdam
262 1088 470 1186 Prophetas,
496 1095 667 1187 quosdam
685 1088 949 1183 Evangelistas‚
975 1091 1065 1161 alios
1118 1088 1312 1158 confirmat.
1364 1082 1412 1155 Et
1426 1082 1609 1176 Epictetus
1626 1088 1759 1182 inquit:
1786 1087 1866 1160 Non
1890 1092 1993 1164 facile
2012 1123 2112 1170 men-

94 1192 189 1273 dtem
206 1195 370 1267 Pastores
384 1209 418 1265 et
432 1194 617 1279 Doctores,
637 1198 681 1264 ad
699 1195 977 1265 aedificationem
994 1191 1065 1263 Ec·
1119 1205 1170 1261 tes
1186 1191 1314 1279 dogma
1330 1188 1477 1282 aliquod
1492 1188 1641 1259 firmiter
1655 1191 1840 1282 amplecti,
1865 1195 1937 1263 nisi
1951 1202 2112 1292 quotidie

94 1300 199 1374 briae
213 1291 368 1381 Christi,
393 1312 458 1372 etc.
509 1295 607 1368 Deus
624 1292 1065 1386 honoravithuncMagi-
1119 1292 1241 1362 eadem
1267 1289 1387 1362 dicant
1410 1305 1445 1361 ct
1474 1291 1640 1374 audiant,
1676 1305 1711 1363 et
1734 1317 1834 1364 veras
1861 1303 2051 1371 sententias
2073 1304 2113 1375 in
2188 1286 2192 1293 ⁸

94 1393 436 1476 uomMetchtonm
452 1399 584 1490 insigni
601 1401 802 1471 eruditione
815 1412 849 1470 et
865 1399 1066 1488 cognitione
1118 1395 1190 1464 vita
1205 1396 1248 1463 ad
1269 1416 1373 1463 usum
1387 1393 1611 1467 transierant.
1662 1390 1717 1465 Ac
1739 1418 1806 1467 nos
1821 1399 1965 1490 quidem
1987 1404 2026 1473 in
2041 1401 2112 1476 Ec·
2187 1418 2197 1441 ⁴·

94 1499 260 1577 tarisum
277 1504 405 1572 sanctis
418 1503 620 1592 scripturis,
643 1516 684 1572 ut
700 1502 773 1593 ipse
788 1500 981 1573 declaravit
996 1525 1066 1570 nu·
1118 1496 1220 1566 elesia
1237 1497 1422 1589 praecipue
1439 1518 1527 1584 opus
1549 1510 1600 1567 est
1617 1495 1734 1567 firmas
1757 1499 1986 1574 refutationes
2000 1506 2113 1578 Stoici

94 1604 191 1679 'erin
210 1603 350 1698 publica
368 1605 620 1695 disputatione.
672 1602 773 1693 Quos
787 1628 869 1694 ergo
885 1601 982 1673 Deus
999 1597 1066 1673 ho·
1119 1599 1203 1669 Fati
1225 1612 1364 1682 tenere,
1396 1611 1430 1667 et
1454 1610 1599 1689 propter
1619 1598 1767 1687 gloriam
1791 1598 1878 1689 Dei,
1912 1617 1946 1675 et
1967 1624 2112 1701 propter

94 1709 235 1794 oravit,
261 1707 430 1776 debemus
451 1720 486 1777 et
510 1731 577 1777 nos
598 1702 786 1785 honorare.
838 1703 962 1776 Postea
981 1729 1065 1775 vero
1119 1725 1237 1770 veram
1262 1698 1536 1770 invocationem.
1594 1697 1903 1776 Contumeliosum
1934 1724 1985 1780 est
2015 1713 2110 1782 euim

94 1832 155 1884 um
172 1805 231 1880 bic
245 1801 434 1878 Melchior
447 1808 640 1900 susceperit
653 1832 757 1879 suum
773 1811 907 1887 bouum
926 1830 1015 1900 opus
1033 1821 1067 1877 et
1118 1806 1288 1874 adversus
1300 1800 1435 1886 Deum,
1461 1796 1648 1872 detrahere
1664 1805 1696 1873 ei
1717 1805 1935 1895 libertatem,
1959 1835 2112 1909 eumque

94 1913 250 1998 fficium,
275 1924 311 1981 et
331 1912 445 1982 factus
468 1912 577 1981 suerit
598 1911 750 1981 aliorum
772 1910 955 1992 minister,
981 1924 1067 1980 tune
1119 1903 1220 1999 quasi
1253 1907 1297 1974 de
1324 1917 1445 1973 catena
1469 1900 1659 1975 Homerica
1692 1907 1850 1978 vinctum
1883 1902 2112 2004 suspendere.

95 2016 230 2087 rimum
256 2010 401 2099 sentiet,
431 2034 468 2082 se
500 2037 575 2082 non
604 2026 674 2082 tam
705 2012 861 2082 nominis
890 2009 1066 2083 honorem
1119 2005 1421 2079 Contumeliosius
1450 2018 1501 2074 cst
1525 2005 1649 2086 etiam,
1678 2008 1792 2079 iacere
1816 2034 1896 2082 eum
1923 2012 2111 2088 authorem

94 2115 282 2211 praeiisse,
308 2139 414 2210 quam
439 2115 597 2186 laborem
615 2115 835 2189 etdolorem.
887 2114 948 2186 Sic
970 2114 1066 2184 enim
1120 2110 1292 2180 scelerum
1306 2105 1458 2191 Paridis,
1477 2104 1642 2193 Neronis,
1660 2125 1694 2181 et
1709 2110 1891 2186 similium.
1927 2115 2001 2189 Nee
2016 2123 2112 2192 enim

94 2233 236 2292 roerunt
249 2231 284 2288 et
299 2211 507 2309 Prophetis,
532 2217 593 2312 qui
610 2208 757 2289 fuerunt
771 2229 943 2305 anteros.
992 2213 1067 2287 Ex·
1118 2212 1206 2282 falsa
1231 2224 1266 2280 et
1286 2208 1491 2280 detestanda
1512 2212 1688 2282 excusatio
1709 2214 1887 2287 audienda
1908 2233 1979 2305 est,
2004 2248 2111 2315 quam

94 2334 175 2394 erto
193 2322 295 2390 crede
309 2318 495 2410 Magistro.
544 2318 654 2412 Dixi..
1120 2313 1269 2384 recitant
1282 2325 1316 2381 et
1331 2313 1476 2405 quidam
1501 2310 1712 2405 interpretes
1728 2314 1954 2408 Longobardi
1964 2349 1971 2392 :
1994 2322 2113 2396 Deum

1120 2439 1195 2486 nou
1212 2437 1372 2506 peccare,
1396 2413 1552 2499 etiamsi,
1575 2428 1618 2485 ut
1639 2438 1761 2501 causa,
1786 2420 1930 2492 adiuvet
1949 2419 2113 2499 homines

1120 2517 1250 2588 scelera
1273 2527 1530 2607 perpetrantes:
1563 2518 1646 2610 quia
1666 2543 1747 2588 cum
1762 2516 1859 2592 Deus
1874 2523 1920 2594 sit
1935 2549 2041 2618 supra
2060 2531 2112 2602 le-

94 2604 237 2681 Noas.
755 2618 759 2627 ’
800 2608 956 2673 1⁹·F0bf·
973 2609 1067 2672 1⁵⁴⁹·
1120 2643 1214 2709 gem,
1238 2619 1343 2688 licere
1363 2617 1432 2708 ipsi
1454 2617 1568 2686 facere
1591 2619 1761 2714 quicquid
1782 2621 1879 2696 libet
1932 2624 2113 2708 Otetram

94 2700 256 2735 Μ
798 2702 1066 2740 w
1120 2746 1261 2806 vocem,
1286 2735 1320 2790 et
1337 2740 1482 2811 prorsus
1498 2744 1539 2789 ex
1552 2717 1709 2792 Ecclesia
1725 2725 2002 2815 explodendam,
2027 2735 2113 2828 quia

143 2797 637 2926 lneffi‘sseff·ffic'fflnffssfnsslf
655 2797 1067 2940 ffi‘ssgffjsshphlf·§3232
1120 2822 1236 2894 Deum
1264 2822 1416 2892 similem
1442 2822 1526 2891 facit
1555 2824 1772 2915 turpissimis
1799 2841 1836 2899 et
1859 2834 2113 2908 crudelissimis

179 2939 237 2996 Lis.
257 2940 291 2998 Ρ.
308 2945 332 2994 t.
366 2936 497 2993 Riehard.
509 2934 542 2992 Τ.
558 2938 610 2991 ιιι.
628 2956 654 3009 p.
665 2939 728 2995 stt.
1028 2940 1029 2943 ’
1120 2924 1300 3020 tyrannis,
1333 2948 1485 3020 quorum
1518 2925 1656 2994 furores
1688 2929 1788 3000 nulla
1818 2931 1895 3022 lege
1927 2950 2112 3026 reguntur.

221 3103 230 3123 ,
505 3101 513 3117 ,
674 3102 682 3119 ‚
1120 3026 1242 3118 Longe
1261 3027 1364 3097 aliter
1386 3028 1430 3094 de
1454 3021 1530 3142 Deo
1550 3026 1776 3099 sentiendum
1802 3046 1872 3114 est,
1897 3037 1980 3129 quia
2000 3039 2112 3130 legem
2186 3115 2189 3121 ,

94 3109 250 3186 mmm
265 3098 312 3171 de
325 3101 415 3170 Fam
429 3102 577 3187 Si⁰w⁰t
603 3107 771 3172 remim
785 3121 810 3170 ⁰
825 3102 924 3196 Mai·
942 3103 1068 3172 Mal·
1121 3154 1218 3202 suam
1241 3129 1321 3199 ideo
1342 3128 1522 3221 patefecrt,
1554 3144 1594 3202 ut
1618 3154 1763 3222 prorsus
1782 3135 1886 3205 talem
1909 3161 1982 3210 esse
2002 3141 2113 3233 ipsius

96 3202 209 3281 lht’ss
232 3199 568 3291 nauterwctd,
593 3205 780 3293 mima
806 3201 841 3276 d·
863 3201 919 3277 ¹9·
938 3201 1041 3274 Febr·
1121 3247 1277 3302 mentem
1298 3245 1332 3301 et
1352 3230 1570 3301 voluntatem
1592 3234 1761 3320 sciamus,
1784 3237 1905 3330 qualia
1926 3246 2113 3336 praecepit.

513 3302 622 3378 ¹549·
1119 3332 1193 3405 Nec
1214 3333 1292 3405 vult
1306 3331 1403 3404 Deus
1424 3357 1584 3425 unquam
1600 3359 1665 3404 nec
1678 3339 1869 3428 approbat,
1891 3366 1956 3413 nec
1970 3347 2115 3420 adiuvat

94 3426 170 3514 lon
190 3440 307 3511 solum
330 3460 396 3509 uos
423 3452 565 3507 excusat
586 3438 805 3507 consuetudo
822 3431 982 3520 scholae,
1005 3436 1069 3532 qui
1120 3438 1194 3507 ulla
1210 3460 1316 3528 opera
1335 3435 1529 3527 pugnantia
1548 3459 1628 3504 cum
1649 3460 1711 3508 sua
1726 3439 1814 3530 lege.
1846 3439 2000 3516 'Eadem
2017 3448 2113 3519 enim

94 3543 221 3617 licendi
241 3555 358 3636 partes
378 3532 448 3610 hoc
469 3539 548 3609 loco
571 3540 675 3609 nobis
689 3563 763 3620 non
778 3554 901 3611 nostro
920 3541 1068 3611 consilio
1122 3551 1281 3631 pugnant
1301 3561 1381 3608 cum
1403 3536 1514 3627 ipsius
1538 3552 1654 3609 mente
1675 3556 1711 3613 et
1724 3543 1924 3634 voluntate,
1950 3566 2113 3643 quaeest

94 3644 269 3730 emimus,
294 3645 391 3714 seda
409 3641 697 3734 praeceptoribus
717 3642 900 3735 impositas
916 3644 1069 3715 sustine-
1120 3639 1353 3713 immutabilis
1369 3663 1495 3707 norma
1513 3639 1682 3712 iusticiae.

94 3752 176 3834 m'rs,
204 3747 336 3841 quibus
358 3744 504 3815 obedire
527 3766 666 3814 necesse
690 3760 758 3818 est:
791 3747 852 3814 sed
875 3772 938 3817 vos
961 3748 1067 3817 etiarn
1223 3742 1406 3815 Praeterea
1422 3741 1452 3811 si
1468 3743 1663 3814 necessario
1679 3745 1850 3820 eveniunt
1865 3751 1998 3837 omnia,
2024 3753 2112 3846 quid

94 3862 253 3935 unctor,
277 3862 318 3920 ut
333 3846 508 3939 patienter
521 3868 586 3916 uos
601 3846 770 3933 audiatis,
795 3862 830 3919 et
845 3849 984 3918 veniam
1001 3874 1068 3919 uo·
1121 3848 1268 3941 ppodest
1296 3844 1498 3920 invocatio?
1538 3842 1609 3914 Hie
1634 3872 1718 3918 vero
1747 3849 1852 3919 etiam
1889 3850 2114 3945 impudenter

94 3968 169 4029 trae
186 3950 341 4023 orationi
357 3949 459 4020 detis.
510 3947 550 4018 ld
569 3949 634 4018 etsi
649 3964 773 4041 sponte
789 3965 824 4021 et
840 3963 956 4022 vestro
971 3951 1069 4022 iudi·
1121 3948 1232 4022 Stoici
1256 3948 1407 4021 confessi
1428 3960 1528 4031 suut,
1558 3942 1652 4017 nihil
1673 3975 1749 4020 eam
1773 3954 1958 4041 prodesse,
1979 3959 2113 4027 necla-

94 4052 273 4140 insaritis,
297 4066 416 4124 tamen
431 4045 619 4121 honestum
634 4066 702 4135 est,
728 4053 886 4124 iuniores
902 4078 1069 4125 reveren·
1121 4053 1286 4122 ciendum
1305 4075 1378 4122 esse
1395 4043 1524 4144 χρείας
1539 4044 1664 4136 ἕνεκα,
1691 4046 1784 4124 ἀλλὰ
1800 4050 2046 4150 εὐχαριστίας,
2076 4060 2114 4129 id

94 4170 289 4250 repetere,
315 4168 357 4224 ut
379 4177 501 4223 eorum
525 4153 722 4224 orationem
745 4155 783 4223 in
803 4156 948 4247 publico
965 4172 1069 4228 coetu
1121 4167 1191 4239 est,
1217 4180 1289 4226 non
1310 4168 1351 4224 ut
1372 4177 1476 4245 opem
1498 4154 1592 4223 serat
1613 4152 1873 4244 indigentibus,
1899 4162 1959 4230 sed
1978 4174 2018 4230 ut
2032 4184 2113 4250 gra-

94 4259 234 4335 euiores
248 4255 548 4329 boniconsulant.
587 4252 708 4344 Quare
722 4256 827 4327 initio
841 4282 904 4329 vos
919 4284 1001 4345 oro,
1023 4284 1068 4329 ue
1121 4257 1187 4328 tias
1202 4280 1344 4347 agamus
1359 4254 1536 4325 conditori
1553 4277 1692 4341 rerum,
1715 4260 1810 4351 quod
1829 4260 1989 4330 ordinem
2007 4279 2113 4336 uatu-

94 4386 134 4435 re
154 4354 282 4431 fiducia
303 4358 459 4448 ingenii,
481 4358 542 4426 sed
564 4371 605 4427 ut
625 4361 915 4451 praeceptoribus
929 4362 1068 4432 obtem·
1121 4384 1181 4430 rae
1199 4358 1409 4441 instituerit,
1435 4372 1475 4426 ut
1491 4356 1623 4448 species
1637 4374 1806 4431 servetur.

94 4486 258 4549 erarem,
285 4460 485 4531 orationem
506 4452 575 4530 hoc
598 4461 676 4530 loco
700 4455 830 4531 habere
854 4464 1070 4549 existimetis,
1225 4460 1280 4534 Ex
1304 4458 1370 4530 hnc
1387 4460 1486 4529 brevi
1508 4465 1845 4533 commemoratione
1862 4463 1945 4534 satis
1961 4464 2113 4555 intelligi

94 4568 210 4641 teinde
231 4579 272 4638 ut
295 4562 590 4653 disputationem,
616 4586 722 4655 quam
752 4588 969 4656 proponam,
993 4590 1069 4635 uon
1123 4580 1247 4659 potest,
1269 4567 1308 4633 iu
1326 4560 1479 4633 Ecclesia
1496 4562 1648 4633 maxime
1664 4587 1755 4656 opus
1772 4588 1863 4650 esse,
1888 4579 1929 4637 ut
1944 4569 2112 4638 adversus

94 4667 251 4744 raratim
274 4663 446 4750 audiatis,
476 4665 681 4754 praesertim
712 4690 791 4741 cum
820 4683 1068 4757 argumentum
1122 4668 1260 4739 Stoicos
1278 4669 1415 4735 furores
1436 4665 1544 4733 animi
1563 4667 1652 4735 bene
1669 4661 1982 4758 praemuniantur,
2008 4694 2112 4761 prae-

94 4773 167 4861 rtile
183 4768 229 4840 sit
250 4770 295 4839 ad
319 4766 565 4837 illustrandam
586 4767 736 4856 gloriam
753 4769 839 4855 Dei,
863 4773 966 4839 etad
991 4794 1074 4845 mos
1122 4770 1242 4841 sertim
1266 4794 1347 4838 cum
1373 4766 1507 4860 alioqui
1532 4767 1712 4839 mentibus
1738 4770 1778 4839 in
1801 4770 2024 4841 invocatione
2046 4775 2113 4842 ob-

94 4898 160 4950 um
182 4870 487 4966 gubernationem.
546 4866 599 4939 Ne
623 4870 670 4941 sit
689 4882 806 4941 autem
827 4871 964 4961 ingrata
985 4896 1069 4963 pro·
1123 4885 1254 4964 strepat
1267 4867 1337 4941 hoc
1351 4882 1616 4959 argumentum:
1644 4867 1743 4959 Quid
1758 4873 1848 4966 petis
1865 4873 2110 4944 liberationem

94 4978 216 5058 ixitas,
239 4973 325 5045 sine
341 4970 501 5062 longiore
515 4972 661 5042 exordio
678 4975 917 5067 quaestionem
938 4998 1070 5066 propo-
1122 4977 1160 5045 in
1185 4973 1371 5068 periculo?
1402 4972 1543 5041 vincent
1565 4973 1703 5052 morbi,
1730 4990 1790 5046 aut
1813 4976 1903 5047 aliae
1924 4991 2036 5069 pestes
2052 5002 2111 5048 or-

94 5106 126 5155 ιο
146 5080 321 5162 veterem,
346 5087 382 5146 et
403 5097 506 5165 saepe
527 5099 548 5144 a
567 5069 760 5167 Theologis
785 5090 820 5146 et
841 5071 1069 5168 Philosophis
1122 5079 1207 5147 dine
1227 5092 1391 5159 naturae,
1417 5075 1479 5166 qui
1503 5098 1578 5142 non
1607 5089 1776 5150 mutatur.
1827 5076 1923 5149 Haec
1944 5080 2111 5173 cogitatio

94 5184 259 5281 gitatam
273 5238 280 5246 .
1121 5204 1223 5273 saepe
1240 5176 1451 5269 lauguelacit
1465 5176 1739 5250 invocationem.
2040 5271 2042 5275 ι

179 5283 248 5355 An'
268 5279 319 5368 stt
346 5301 430 5350 vera
451 5277 632 5350 sententia
659 5277 855 5349 stoicorum
878 5275 920 5348 de
940 5277 1071 5378 fatali
1221 5280 1300 5352 Etsi
1319 5295 1434 5350 autem
1457 5302 1585 5370 magna
1608 5281 1807 5352 absurditas
1824 5295 1875 5352 est
1894 5281 2031 5352 Stoicae
2048 5306 2111 5349 ue-

94 5375 486 5470 teressitote,'hocest,
511 5403 605 5480 quae
627 5375 826 5475 adfirmat,
852 5376 926 5452 non
945 5379 1068 5452 solum
1118 5386 1305 5468 cessitatis,
1340 5399 1457 5455 tamen
1485 5384 1699 5476 excogitatae
1727 5398 1811 5455 sunt
1833 5385 2041 5480 praestigiae
2066 5387 2110 5455 ad

124 5498 307 5567 Ιίιιιιτιι.
325 5491 428 5556 Ocra.
456 5491 539 5555 tot.
555 5490 602 5556 X.
962 5504 971 5513 “
1415 5482 1465 5558 50
