<?xml version="1.0" encoding="UTF-8"?>
<!DOCTYPE html PUBLIC "-//W3C//DTD XHTML 1.0 Transitional//EN"
    "http://www.w3.org/TR/xhtml1/DTD/xhtml1-transitional.dtd">
<html xmlns="http://www.w3.org/1999/xhtml" xml:lang="en" lang="en">
 <head>
  <title>
</title>
<meta http-equiv="Content-Type" content="text/html;charset=utf-8" />
  <meta name='ocr-system' content='tesseract 3.04.00' />
  <meta name='ocr-capabilities' content='ocr_page ocr_carea ocr_par ocr_line ocrx_word'/>
</head>
<body>
  <div class='ocr_page' id='page_1' title='image "./corpusreformato02melagoog/corpusreformato02melagoog_0449.png"; bbox 0 0 4546 5760; ppageno 0'>
   <div class='ocr_carea' id='block_1_1' title="bbox 2053 142 2234 259">
    <p class='ocr_par' dir='ltr' id='par_1_1' title="bbox 2053 142 2234 259">
     <span class='ocr_line' id='line_1_1' title="bbox 2053 142 2234 259; baseline -0.006 1"><span class='ocrx_word' id='word_1_1' title='bbox 2053 142 2054 145; x_wconf 45' lang='lat'>‘</span> <span class='ocrx_word' id='word_1_2' title='bbox 2150 184 2234 259; x_wconf 84' lang='lat' dir='ltr'><strong>sao</strong></span> 
     </span>
    </p>
   </div>
   <div class='ocr_carea' id='block_1_2' title="bbox 198 169 1642 270">
    <p class='ocr_par' dir='ltr' id='par_1_2' title="bbox 198 169 1642 270">
     <span class='ocr_line' id='line_1_2' title="bbox 198 169 1642 270; baseline 0.001 -13"><span class='ocrx_word' id='word_1_3' title='bbox 198 183 274 258; x_wconf 72' lang='grc'><strong>879</strong></span> <span class='ocrx_word' id='word_1_4' title='bbox 780 169 1208 270; x_wconf 75' lang='lat' dir='ltr'><strong>Quansrtonus</strong></span> <span class='ocrx_word' id='word_1_5' title='bbox 1239 174 1642 259; x_wconf 74' lang='lat' dir='ltr'><strong>acauuutcau</strong></span> 
     </span>
    </p>
   </div>
   <div class='ocr_carea' id='block_1_3' title="bbox 185 344 2265 840">
    <p class='ocr_par' dir='ltr' id='par_1_3' title="bbox 185 344 2265 753">
     <span class='ocr_line' id='line_1_3' title="bbox 185 344 1384 432; baseline -0.009 0"><span class='ocrx_word' id='word_1_6' title='bbox 185 358 275 432; x_wconf 84' lang='lat' dir='ltr'><strong>cidi.</strong></span> <span class='ocrx_word' id='word_1_7' title='bbox 332 351 521 431; x_wconf 72' lang='lat' dir='ltr'><strong>Caeterum</strong></span> <span class='ocrx_word' id='word_1_8' title='bbox 543 344 614 420; x_wconf 78' lang='lat' dir='ltr'><strong>itta</strong></span> <span class='ocrx_word' id='word_1_9' title='bbox 628 346 851 423; x_wconf 82' lang='lat' dir='ltr'><strong>Aristotelica</strong></span> <span class='ocrx_word' id='word_1_10' title='bbox 877 350 990 429; x_wconf 79' lang='lat' dir='ltr'><strong>virtus</strong></span> <span class='ocrx_word' id='word_1_11' title='bbox 1012 365 1064 423; x_wconf 88' lang='lat' dir='ltr'><strong>est</strong></span> <span class='ocrx_word' id='word_1_12' title='bbox 1081 348 1189 423; x_wconf 80' lang='lat' dir='ltr'><strong>valde</strong></span> <span class='ocrx_word' id='word_1_13' title='bbox 1242 351 1309 427; x_wconf 86' lang='lat' dir='ltr'><strong>No.</strong></span> <span class='ocrx_word' id='word_1_14' title='bbox 1322 352 1384 427; x_wconf 78' lang='lat' dir='ltr'><strong>ts.</strong></span> 
     </span>
     <span class='ocr_line' id='line_1_4' title="bbox 187 450 2265 552; baseline -0.017 -19"><span class='ocrx_word' id='word_1_15' title='bbox 187 459 374 552; x_wconf 84' lang='lat' dir='ltr'><strong>languida.</strong></span> <span class='ocrx_word' id='word_1_16' title='bbox 432 455 521 527; x_wconf 86' lang='lat' dir='ltr'><strong>Nam</strong></span> <span class='ocrx_word' id='word_1_17' title='bbox 551 454 688 525; x_wconf 87' lang='lat' dir='ltr'><strong>etiamsi</strong></span> <span class='ocrx_word' id='word_1_18' title='bbox 717 455 805 547; x_wconf 87' lang='lat' dir='ltr'><strong>quid</strong></span> <span class='ocrx_word' id='word_1_19' title='bbox 836 468 920 525; x_wconf 88' lang='lat' dir='ltr'><strong>sunt</strong></span> <span class='ocrx_word' id='word_1_20' title='bbox 949 456 1003 523; x_wconf 92' lang='lat' dir='ltr'><strong>illi</strong></span> <span class='ocrx_word' id='word_1_21' title='bbox 1033 450 1188 541; x_wconf 88' lang='lat' dir='ltr'><strong>habitus,</strong></span> <span class='ocrx_word' id='word_1_22' title='bbox 1243 450 1383 522; x_wconf 47' lang='lat'><strong>*⁴8⁹</strong></span> <span class='ocrx_word' id='word_1_23' title='bbox 2263 524 2265 531; x_wconf 25' lang='grc' dir='ltr'>Ι</span> 
     </span>
     <span class='ocr_line' id='line_1_5' title="bbox 194 556 2228 651; baseline -0.01 -16"><span class='ocrx_word' id='word_1_24' title='bbox 194 576 278 635; x_wconf 92' lang='lat' dir='ltr'><strong>sunt</strong></span> <span class='ocrx_word' id='word_1_25' title='bbox 301 559 422 632; x_wconf 88' lang='lat' dir='ltr'><strong>tenuia</strong></span> <span class='ocrx_word' id='word_1_26' title='bbox 443 557 587 647; x_wconf 86' lang='lat' dir='ltr'><strong>vestigia</strong></span> <span class='ocrx_word' id='word_1_27' title='bbox 610 557 649 625; x_wconf 93' lang='lat' dir='ltr'><strong>in</strong></span> <span class='ocrx_word' id='word_1_28' title='bbox 671 560 796 641; x_wconf 90' lang='lat' dir='ltr'><strong>corde,</strong></span> <span class='ocrx_word' id='word_1_29' title='bbox 827 556 1060 647; x_wconf 78' lang='lat' dir='ltr'>impressione</span> <span class='ocrx_word' id='word_1_30' title='bbox 1079 558 1186 651; x_wconf 88' lang='lat' dir='ltr'><strong>spiri·</strong></span> <span class='ocrx_word' id='word_1_31' title='bbox 1307 567 1339 620; x_wconf 84' lang='lat' dir='ltr'><strong>tn</strong></span> <span class='ocrx_word' id='word_1_32' title='bbox 1353 565 1520 649; x_wconf 71' lang='lat' dir='ltr'><strong>orationum</strong></span> <span class='ocrx_word' id='word_1_33' title='bbox 1534 566 1568 622; x_wconf 84' lang='grc' dir='ltr'><strong>Τ.</strong></span> <span class='ocrx_word' id='word_1_34' title='bbox 1578 570 1611 648; x_wconf 69' lang='lat' dir='ltr'><strong>v.</strong></span> <span class='ocrx_word' id='word_1_35' title='bbox 1627 587 1655 638; x_wconf 78' lang='lat' dir='ltr'><strong>p.</strong></span> <span class='ocrx_word' id='word_1_36' title='bbox 1665 566 1742 636; x_wconf 73' lang='grc' dir='ltr'><strong>1η..</strong></span> <span class='ocrx_word' id='word_1_37' title='bbox 1757 565 1962 624; x_wconf 64' lang='lat' dir='ltr'><strong>inor-tonum</strong></span> <span class='ocrx_word' id='word_1_38' title='bbox 1974 568 2127 641; x_wconf 61' lang='lat' dir='ltr'><strong>manau</strong></span> <span class='ocrx_word' id='word_1_39' title='bbox 2141 568 2228 642; x_wconf 65' lang='lat' dir='ltr'><strong>„m</strong></span> 
     </span>
     <span class='ocr_line' id='line_1_6' title="bbox 193 635 1857 753; baseline -0.016 -16"><span class='ocrx_word' id='word_1_40' title='bbox 193 681 295 737; x_wconf 90' lang='lat' dir='ltr'><strong>tuum</strong></span> <span class='ocrx_word' id='word_1_41' title='bbox 316 665 426 748; x_wconf 89' lang='lat' dir='ltr'><strong>lacta,</strong></span> <span class='ocrx_word' id='word_1_42' title='bbox 456 673 496 730; x_wconf 93' lang='lat' dir='ltr'><strong>ut</strong></span> <span class='ocrx_word' id='word_1_43' title='bbox 522 659 738 753; x_wconf 75' lang='lat' dir='ltr'><strong>relinquitur</strong></span> <span class='ocrx_word' id='word_1_44' title='bbox 760 661 851 729; x_wconf 92' lang='lat' dir='ltr'><strong>odor</strong></span> <span class='ocrx_word' id='word_1_45' title='bbox 875 659 915 728; x_wconf 91' lang='lat' dir='ltr'><strong>in</strong></span> <span class='ocrx_word' id='word_1_46' title='bbox 937 682 1065 745; x_wconf 89' lang='lat' dir='ltr'><strong>manu,</strong></span> <span class='ocrx_word' id='word_1_47' title='bbox 1098 683 1185 731; x_wconf 91' lang='lat' dir='ltr'><strong>con·</strong></span> <span class='ocrx_word' id='word_1_48' title='bbox 1340 645 1366 690; x_wconf 72' lang='lat'><strong>‘¹</strong></span> <span class='ocrx_word' id='word_1_49' title='bbox 1381 635 1453 708; x_wconf 54' lang='grc' dir='ltr'><strong>ῬΜ</strong></span> <span class='ocrx_word' id='word_1_50' title='bbox 1466 635 1643 692; x_wconf 63' lang='lat' dir='ltr'><strong>⁸¹⁶¹³⁸fd¹¹¹¹¹¹</strong></span> <span class='ocrx_word' id='word_1_51' title='bbox 1658 637 1692 694; x_wconf 83' lang='lat' dir='ltr'><strong>T.</strong></span> <span class='ocrx_word' id='word_1_52' title='bbox 1706 636 1740 692; x_wconf 60' lang='lat' dir='ltr'><strong>ll</strong></span> <span class='ocrx_word' id='word_1_53' title='bbox 1755 654 1782 709; x_wconf 62' lang='lat' dir='ltr'><strong>b</strong></span> <span class='ocrx_word' id='word_1_54' title='bbox 1796 637 1857 693; x_wconf 76' lang='lat'><strong>²⁴⁸·</strong></span> 
     </span>
    </p>

    <p class='ocr_par' dir='ltr' id='par_1_4' title="bbox 191 761 615 840">
     <span class='ocr_line' id='line_1_7' title="bbox 191 761 615 840; baseline -0.009 0"><span class='ocrx_word' id='word_1_55' title='bbox 191 781 287 840; x_wconf 88' lang='lat' dir='ltr'><strong>tactu</strong></span> <span class='ocrx_word' id='word_1_56' title='bbox 301 766 352 836; x_wconf 93' lang='lat' dir='ltr'><strong>rei</strong></span> <span class='ocrx_word' id='word_1_57' title='bbox 366 765 458 834; x_wconf 89' lang='lat' dir='ltr'><strong>bene</strong></span> <span class='ocrx_word' id='word_1_58' title='bbox 476 761 615 836; x_wconf 90' lang='lat' dir='ltr'><strong>olentis.</strong></span> 
     </span>
    </p>
   </div>
   <div class='ocr_carea' id='block_1_4' title="bbox 2061 362 2221 434">
    <p class='ocr_par' dir='ltr' id='par_1_5' title="bbox 2061 362 2221 434">
     <span class='ocr_line' id='line_1_8' title="bbox 2061 362 2221 434; baseline -0.019 -4"><span class='ocrx_word' id='word_1_59' title='bbox 2061 385 2115 430; x_wconf 80' lang='lat' dir='ltr'><strong>sn.</strong></span> <span class='ocrx_word' id='word_1_60' title='bbox 2130 362 2221 434; x_wconf 73' lang='grc'><strong>1559.</strong></span> 
     </span>
    </p>
   </div>
   <div class='ocr_carea' id='block_1_5' title="bbox 2055 453 2224 484">
    <p class='ocr_par' dir='ltr' id='par_1_6' title="bbox 2055 453 2224 484">
     <span class='ocr_line' id='line_1_9' title="bbox 2055 453 2224 484; baseline -0.006 0"><span class='ocrx_word' id='word_1_61' title='bbox 2055 453 2224 484; x_wconf 51' lang='lat' dir='ltr'>W</span> 
     </span>
    </p>
   </div>
   <div class='ocr_carea' id='block_1_6' title="bbox 1239 795 2225 891">
    <p class='ocr_par' dir='ltr' id='par_1_7' title="bbox 1239 795 2225 891">
     <span class='ocr_line' id='line_1_10' title="bbox 1239 795 2225 891; baseline 0.007 -24"><span class='ocrx_word' id='word_1_62' title='bbox 1239 800 1415 883; x_wconf 79' lang='lat' dir='ltr'><strong>Quaestio</strong></span> <span class='ocrx_word' id='word_1_63' title='bbox 1437 819 1462 867; x_wconf 85' lang='lat' dir='ltr'><strong>u</strong></span> <span class='ocrx_word' id='word_1_64' title='bbox 1478 818 1596 888; x_wconf 82' lang='lat' dir='ltr'><strong>puero</strong></span> <span class='ocrx_word' id='word_1_65' title='bbox 1610 802 1828 891; x_wconf 80' lang='lat' dir='ltr'><strong>proposito.-</strong></span> <span class='ocrx_word' id='word_1_66' title='bbox 1854 795 1902 868; x_wconf 87' lang='lat' dir='ltr'><strong>de</strong></span> <span class='ocrx_word' id='word_1_67' title='bbox 1919 795 2128 872; x_wconf 67' lang='lat' dir='ltr'><strong>umectum</strong></span> <span class='ocrx_word' id='word_1_68' title='bbox 2143 800 2225 874; x_wconf 81' lang='lat' dir='ltr'><strong>udo·</strong></span> 
     </span>
    </p>
   </div>
   <div class='ocr_carea' id='block_1_7' title="bbox 299 892 2075 993">
    <p class='ocr_par' dir='ltr' id='par_1_8' title="bbox 299 892 2075 993">
     <span class='ocr_line' id='line_1_11' title="bbox 299 892 2075 993; baseline 0.002 -19"><span class='ocrx_word' id='word_1_69' title='bbox 299 902 340 974; x_wconf 89' lang='lat' dir='ltr'><strong>ln</strong></span> <span class='ocrx_word' id='word_1_70' title='bbox 364 899 505 971; x_wconf 87' lang='lat' dir='ltr'><strong>noticiis</strong></span> <span class='ocrx_word' id='word_1_71' title='bbox 526 899 667 969; x_wconf 81' lang='lat' dir='ltr'><strong>facilius</strong></span> <span class='ocrx_word' id='word_1_72' title='bbox 689 910 740 968; x_wconf 90' lang='lat' dir='ltr'><strong>est</strong></span> <span class='ocrx_word' id='word_1_73' title='bbox 764 921 907 968; x_wconf 88' lang='lat' dir='ltr'><strong>cernere</strong></span> <span class='ocrx_word' id='word_1_74' title='bbox 930 892 1090 984; x_wconf 89' lang='lat' dir='ltr'><strong>babitus,</strong></span> <span class='ocrx_word' id='word_1_75' title='bbox 1116 897 1185 967; x_wconf 91' lang='lat' dir='ltr'><strong>im-</strong></span> <span class='ocrx_word' id='word_1_76' title='bbox 1384 901 1590 972; x_wconf 79' lang='lat' dir='ltr'><strong>lescentt‘oe</strong></span> <span class='ocrx_word' id='word_1_77' title='bbox 1609 899 1817 972; x_wconf 77' lang='lat' dir='ltr'><strong>secundum</strong></span> <span class='ocrx_word' id='word_1_78' title='bbox 1841 899 2075 993; x_wconf 65' lang='lat' dir='ltr'><strong>Esauptatem.</strong></span> 
     </span>
    </p>
   </div>
   <div class='ocr_carea' id='block_1_8' title="bbox 147 993 1186 1284">
    <p class='ocr_par' dir='ltr' id='par_1_9' title="bbox 147 993 1186 1284">
     <span class='ocr_line' id='line_1_12' title="bbox 189 993 1186 1102; baseline -0.011 -23"><span class='ocrx_word' id='word_1_79' title='bbox 189 993 400 1102; x_wconf 35' lang='lat' dir='ltr'><strong>&#39;primuntur</strong></span> <span class='ocrx_word' id='word_1_80' title='bbox 422 1001 565 1073; x_wconf 90' lang='lat' dir='ltr'><strong>cerebro</strong></span> <span class='ocrx_word' id='word_1_81' title='bbox 592 1000 779 1088; x_wconf 89' lang='lat' dir='ltr'><strong>imagines,</strong></span> <span class='ocrx_word' id='word_1_82' title='bbox 804 1014 845 1070; x_wconf 89' lang='lat' dir='ltr'><strong>ut.</strong></span> <span class='ocrx_word' id='word_1_83' title='bbox 859 1025 939 1070; x_wconf 91' lang='lat' dir='ltr'><strong>cum</strong></span> <span class='ocrx_word' id='word_1_84' title='bbox 956 1000 1112 1090; x_wconf 87' lang='lat' dir='ltr'><strong>sigillum</strong></span> <span class='ocrx_word' id='word_1_85' title='bbox 1128 1024 1186 1070; x_wconf 89' lang='lat' dir='ltr'><strong>ce-</strong></span> 
     </span>
     <span class='ocr_line' id='line_1_13' title="bbox 193 1101 1185 1200; baseline -0.01 -18"><span class='ocrx_word' id='word_1_86' title='bbox 193 1136 254 1182; x_wconf 87' lang='lat' dir='ltr'><strong>rae</strong></span> <span class='ocrx_word' id='word_1_87' title='bbox 277 1104 505 1200; x_wconf 80' lang='lat' dir='ltr'><strong>imprimitur.</strong></span> <span class='ocrx_word' id='word_1_88' title='bbox 557 1101 635 1188; x_wconf 87' lang='lat' dir='ltr'><strong>Hae</strong></span> <span class='ocrx_word' id='word_1_89' title='bbox 659 1102 830 1193; x_wconf 76' lang='lat' dir='ltr'><strong>imagines</strong></span> <span class='ocrx_word' id='word_1_90' title='bbox 852 1115 935 1172; x_wconf 89' lang='lat' dir='ltr'><strong>sunt</strong></span> <span class='ocrx_word' id='word_1_91' title='bbox 951 1102 1185 1195; x_wconf 74' lang='lat' dir='ltr'><strong>expressiores</strong></span> 
     </span>
     <span class='ocr_line' id='line_1_14' title="bbox 147 1207 493 1284; baseline -0.029 1"><span class='ocrx_word' id='word_1_92' title='bbox 147 1213 149 1217; x_wconf 43' lang='lat'><em>⁴</em></span> <span class='ocrx_word' id='word_1_93' title='bbox 195 1229 231 1284; x_wconf 91' lang='lat' dir='ltr'><strong>et</strong></span> <span class='ocrx_word' id='word_1_94' title='bbox 245 1207 493 1282; x_wconf 75' lang='lat' dir='ltr'><strong>durabiliores.</strong></span> 
     </span>
    </p>
   </div>
   <div class='ocr_carea' id='block_1_9' title="bbox 1238 1061 2225 1266">
    <p class='ocr_par' dir='ltr' id='par_1_10' title="bbox 1238 1061 2225 1266">
     <span class='ocr_line' id='line_1_15' title="bbox 1238 1061 2224 1166; baseline -0.001 -22"><span class='ocrx_word' id='word_1_95' title='bbox 1238 1061 1438 1164; x_wconf 72' lang='lat' dir='ltr'><strong>Euripides</strong></span> <span class='ocrx_word' id='word_1_96' title='bbox 1454 1073 1561 1142; x_wconf 90' lang='lat' dir='ltr'><strong>trium</strong></span> <span class='ocrx_word' id='word_1_97' title='bbox 1573 1073 1762 1165; x_wconf 77' lang='lat' dir='ltr'><strong>praecipue</strong></span> <span class='ocrx_word' id='word_1_98' title='bbox 1773 1074 1947 1144; x_wconf 91' lang='lat' dir='ltr'><strong>virtutum</strong></span> <span class='ocrx_word' id='word_1_99' title='bbox 1958 1074 2121 1145; x_wconf 86' lang='lat' dir='ltr'><strong>studium</strong></span> <span class='ocrx_word' id='word_1_100' title='bbox 2133 1098 2224 1166; x_wconf 87' lang='lat' dir='ltr'><strong>prae·</strong></span> 
     </span>
     <span class='ocr_line' id='line_1_16' title="bbox 1238 1172 2225 1266; baseline 0.001 -22"><span class='ocrx_word' id='word_1_101' title='bbox 1238 1175 1325 1264; x_wconf 88' lang='lat' dir='ltr'><strong>cipit</strong></span> <span class='ocrx_word' id='word_1_102' title='bbox 1346 1174 1647 1261; x_wconf 86' lang='lat' dir='ltr'><strong>adolescentibus,</strong></span> <span class='ocrx_word' id='word_1_103' title='bbox 1680 1187 1721 1245; x_wconf 92' lang='lat' dir='ltr'><strong>ut</strong></span> <span class='ocrx_word' id='word_1_104' title='bbox 1741 1172 1857 1245; x_wconf 88' lang='lat' dir='ltr'><strong>Deum</strong></span> <span class='ocrx_word' id='word_1_105' title='bbox 1880 1175 2017 1260; x_wconf 84' lang='lat' dir='ltr'><strong>colere,</strong></span> <span class='ocrx_word' id='word_1_106' title='bbox 2043 1190 2086 1247; x_wconf 91' lang='lat' dir='ltr'><strong>ut</strong></span> <span class='ocrx_word' id='word_1_107' title='bbox 2107 1199 2225 1266; x_wconf 79' lang='lat' dir='ltr'><strong>parem</strong></span> 
     </span>
    </p>
   </div>
   <div class='ocr_carea' id='block_1_10' title="bbox 296 1271 2224 1469">
    <p class='ocr_par' dir='ltr' id='par_1_11' title="bbox 296 1271 2224 1469">
     <span class='ocr_line' id='line_1_17' title="bbox 411 1271 2223 1370; baseline -0.002 -19"><span class='ocrx_word' id='word_1_108' title='bbox 411 1343 419 1359; x_wconf 83' lang='lat'><strong>,</strong></span> <span class='ocrx_word' id='word_1_109' title='bbox 649 1338 657 1354; x_wconf 93' lang='lat'><strong>.</strong></span> <span class='ocrx_word' id='word_1_110' title='bbox 781 1338 790 1355; x_wconf 87' lang='lat'><strong>.</strong></span> <span class='ocrx_word' id='word_1_111' title='bbox 1006 1339 1016 1358; x_wconf 83' lang='grc'><em>,</em></span> <span class='ocrx_word' id='word_1_112' title='bbox 1124 1340 1166 1357; x_wconf 84' lang='grc'><strong>,,</strong></span> <span class='ocrx_word' id='word_1_113' title='bbox 1238 1277 1353 1360; x_wconf 86' lang='lat' dir='ltr'><strong>tibus,</strong></span> <span class='ocrx_word' id='word_1_114' title='bbox 1379 1293 1413 1349; x_wconf 92' lang='lat' dir='ltr'><strong>et</strong></span> <span class='ocrx_word' id='word_1_115' title='bbox 1434 1301 1522 1370; x_wconf 88' lang='lat' dir='ltr'><strong>quos</strong></span> <span class='ocrx_word' id='word_1_116' title='bbox 1545 1278 1623 1351; x_wconf 89' lang='lat' dir='ltr'><strong>loco</strong></span> <span class='ocrx_word' id='word_1_117' title='bbox 1640 1291 1827 1370; x_wconf 87' lang='lat' dir='ltr'><strong>parentum</strong></span> <span class='ocrx_word' id='word_1_118' title='bbox 1844 1271 1997 1356; x_wconf 90' lang='lat' dir='ltr'><strong>babent,</strong></span> <span class='ocrx_word' id='word_1_119' title='bbox 2023 1290 2067 1348; x_wconf 92' lang='lat' dir='ltr'><strong>ut</strong></span> <span class='ocrx_word' id='word_1_120' title='bbox 2080 1277 2223 1369; x_wconf 87' lang='lat' dir='ltr'><strong>publicis</strong></span> 
     </span>
     <span class='ocr_line' id='line_1_18' title="bbox 296 1340 2224 1469; baseline -0.002 -16"><span class='ocrx_word' id='word_1_121' title='bbox 296 1344 457 1437; x_wconf 65' lang='lat' dir='ltr'><strong>S⁰p⁰⁵¹¹³</strong></span> <span class='ocrx_word' id='word_1_122' title='bbox 482 1354 599 1410; x_wconf 62' lang='lat' dir='ltr'><strong>amem</strong></span> <span class='ocrx_word' id='word_1_123' title='bbox 622 1340 864 1430; x_wconf 61' lang='lat' dir='ltr'><strong>d¹⁸pu¹³¹¹⁰¹¹⁶</strong></span> <span class='ocrx_word' id='word_1_124' title='bbox 884 1342 928 1410; x_wconf 66' lang='lat' dir='ltr'><strong>de</strong></span> <span class='ocrx_word' id='word_1_125' title='bbox 950 1340 1186 1412; x_wconf 59' lang='lat' dir='ltr'><strong>Ar¹⁵²⁰¹⁰h⁶¹⁸</strong></span> <span class='ocrx_word' id='word_1_126' title='bbox 1237 1378 1373 1467; x_wconf 90' lang='lat' dir='ltr'><strong>legibus</strong></span> <span class='ocrx_word' id='word_1_127' title='bbox 1397 1391 1432 1449; x_wconf 92' lang='lat' dir='ltr'><strong>et</strong></span> <span class='ocrx_word' id='word_1_128' title='bbox 1452 1380 1596 1451; x_wconf 87' lang='lat' dir='ltr'><strong>laudata</strong></span> <span class='ocrx_word' id='word_1_129' title='bbox 1616 1379 1875 1452; x_wconf 88' lang='lat' dir='ltr'><strong>consuetudine</strong></span> <span class='ocrx_word' id='word_1_130' title='bbox 1899 1378 2049 1469; x_wconf 86' lang='lat' dir='ltr'><strong>receptis</strong></span> <span class='ocrx_word' id='word_1_131' title='bbox 2072 1380 2224 1450; x_wconf 90' lang='lat' dir='ltr'><strong>moribus</strong></span> 
     </span>
    </p>
   </div>
   <div class='ocr_carea' id='block_1_11' title="bbox 118 1437 2228 3101">
    <p class='ocr_par' dir='ltr' id='par_1_12' title="bbox 118 1437 2228 2483">
     <span class='ocr_line' id='line_1_19' title="bbox 118 1437 2225 1573; baseline 0.011 -44"><span class='ocrx_word' id='word_1_132' title='bbox 118 1508 127 1521; x_wconf 55' lang='grc'>,</span> <span class='ocrx_word' id='word_1_133' title='bbox 191 1447 397 1526; x_wconf 80' lang='lat' dir='ltr'><strong>habitibus,</strong></span> <span class='ocrx_word' id='word_1_134' title='bbox 423 1440 492 1514; x_wconf 71' lang='lat' dir='ltr'><strong>h⁰⁶</strong></span> <span class='ocrx_word' id='word_1_135' title='bbox 515 1465 640 1511; x_wconf 61' lang='lat' dir='ltr'>vesum</span> <span class='ocrx_word' id='word_1_136' title='bbox 663 1454 730 1526; x_wconf 68' lang='lat'><strong>⁰⁸¹²</strong></span> <span class='ocrx_word' id='word_1_137' title='bbox 755 1437 921 1513; x_wconf 71' lang='lat' dir='ltr'><strong>h⁰¹¹⁰⁵¹³⁸</strong></span> <span class='ocrx_word' id='word_1_138' title='bbox 939 1442 1184 1513; x_wconf 61' lang='lat' dir='ltr'><strong>³⁰¹3⁰¹¹⁰⁸s¹⁸fi</strong></span> <span class='ocrx_word' id='word_1_139' title='bbox 1237 1482 1480 1573; x_wconf 88' lang='lat' dir='ltr'><strong>obtemperare</strong></span> <span class='ocrx_word' id='word_1_140' title='bbox 1510 1495 1739 1553; x_wconf 88' lang='lat' dir='ltr'><strong>consuescant</strong></span> <span class='ocrx_word' id='word_1_141' title='bbox 1816 1477 1865 1550; x_wconf 90' lang='lat' dir='ltr'><strong>Et</strong></span> <span class='ocrx_word' id='word_1_142' title='bbox 1895 1481 2022 1549; x_wconf 70' lang='lat' dir='ltr'><strong>addit·</strong></span> <span class='ocrx_word' id='word_1_143' title='bbox 2062 1476 2088 1553; x_wconf 82' lang='lat' dir='ltr'><strong>d</strong></span> <span class='ocrx_word' id='word_1_144' title='bbox 2112 1486 2225 1555; x_wconf 75' lang='grc' dir='ltr'><strong><em>ταῦτα</em></strong></span> 
     </span>
     <span class='ocr_line' id='line_1_20' title="bbox 191 1532 2224 1679; baseline 0.002 -33"><span class='ocrx_word' id='word_1_145' title='bbox 191 1576 312 1646; x_wconf 67' lang='lat' dir='ltr'><strong>P⁰⁸⁸⁶v</strong></span> <span class='ocrx_word' id='word_1_146' title='bbox 336 1542 913 1663; x_wconf 50' lang='lat' dir='ltr'><strong>‘1⁰³⁰⁵¹¹⁰²¹⁶⁶¹3⁰l⁰⁰⁰m⁰fil²lffl</strong></span> <span class='ocrx_word' id='word_1_147' title='bbox 965 1539 1185 1664; x_wconf 46' lang='grc' dir='ltr'><strong>Ροιθεῖἦῃθ·</strong></span> <span class='ocrx_word' id='word_1_148' title='bbox 1239 1577 1343 1678; x_wconf 81' lang='grc' dir='ltr'><strong>δρῶν</strong></span> <span class='ocrx_word' id='word_1_149' title='bbox 1357 1575 1554 1656; x_wconf 78' lang='grc' dir='ltr'><strong><em>κάλλιστον</em></strong></span> <span class='ocrx_word' id='word_1_150' title='bbox 1569 1581 1636 1664; x_wconf 75' lang='grc' dir='ltr'><strong>ἔξει</strong></span> <span class='ocrx_word' id='word_1_151' title='bbox 1651 1532 1839 1679; x_wconf 67' lang='lat' dir='ltr'><strong>urdcpbsov</strong></span> <span class='ocrx_word' id='word_1_152' title='bbox 1855 1533 2018 1662; x_wconf 62' lang='lat' dir='ltr'><strong>adalarde</strong></span> <span class='ocrx_word' id='word_1_153' title='bbox 2032 1578 2101 1654; x_wconf 78' lang='grc' dir='ltr'><strong>ἀεὶ.</strong></span> <span class='ocrx_word' id='word_1_154' title='bbox 2141 1580 2224 1655; x_wconf 88' lang='lat' dir='ltr'><strong>Cum</strong></span> 
     </span>
     <span class='ocr_line' id='line_1_21' title="bbox 191 1644 2226 1779; baseline 0.011 -45"><span class='ocrx_word' id='word_1_155' title='bbox 191 1656 327 1727; x_wconf 67' lang='lat' dir='ltr'><strong>xtnder</strong></span> <span class='ocrx_word' id='word_1_156' title='bbox 352 1650 529 1720; x_wconf 65' lang='lat' dir='ltr'><strong>³b⁵¹i⁰²¹⁹</strong></span> <span class='ocrx_word' id='word_1_157' title='bbox 552 1669 746 1765; x_wconf 58' lang='lat' dir='ltr'><strong>³f⁰¹¹¹⁰8⁰</strong></span> <span class='ocrx_word' id='word_1_158' title='bbox 771 1661 806 1716; x_wconf 63' lang='lat'><strong>⁰²</strong></span> <span class='ocrx_word' id='word_1_159' title='bbox 830 1647 971 1764; x_wconf 57' lang='lat' dir='ltr'><strong>fflffllffm</strong></span> <span class='ocrx_word' id='word_1_160' title='bbox 996 1644 1117 1765; x_wconf 42' lang='lat' dir='ltr'><strong>Dm?</strong></span> <span class='ocrx_word' id='word_1_161' title='bbox 1147 1648 1203 1715; x_wconf 77' lang='lat' dir='ltr'><strong>&#39;d</strong></span> <span class='ocrx_word' id='word_1_162' title='bbox 1238 1685 1357 1779; x_wconf 86' lang='lat' dir='ltr'><strong>itaque</strong></span> <span class='ocrx_word' id='word_1_163' title='bbox 1376 1685 1564 1776; x_wconf 87' lang='lat' dir='ltr'><strong>praecipua</strong></span> <span class='ocrx_word' id='word_1_164' title='bbox 1584 1686 1630 1757; x_wconf 89' lang='lat' dir='ltr'><strong>sit</strong></span> <span class='ocrx_word' id='word_1_165' title='bbox 1651 1685 1692 1755; x_wconf 93' lang='lat' dir='ltr'><strong>in</strong></span> <span class='ocrx_word' id='word_1_166' title='bbox 1713 1698 1825 1755; x_wconf 87' lang='lat' dir='ltr'><strong>aetate</strong></span> <span class='ocrx_word' id='word_1_167' title='bbox 1842 1698 1963 1755; x_wconf 89' lang='lat' dir='ltr'><strong>nostra</strong></span> <span class='ocrx_word' id='word_1_168' title='bbox 1980 1686 2059 1754; x_wconf 91' lang='lat' dir='ltr'><strong>laus</strong></span> <span class='ocrx_word' id='word_1_169' title='bbox 2077 1684 2226 1768; x_wconf 80' lang='lat' dir='ltr'><strong>Pietatis,</strong></span> 
     </span>
     <span class='ocr_line' id='line_1_22' title="bbox 193 1754 2225 1877; baseline 0.009 -40"><span class='ocrx_word' id='word_1_170' title='bbox 193 1772 263 1877; x_wconf 58' lang='lat' dir='ltr'><strong>fel,</strong></span> <span class='ocrx_word' id='word_1_171' title='bbox 287 1778 407 1874; x_wconf 53' lang='lat'><strong>‘58⁰¹‘</strong></span> <span class='ocrx_word' id='word_1_172' title='bbox 426 1754 698 1871; x_wconf 54' lang='lat' dir='ltr'><strong>l0ss0ffl0l¹va¹¹¹²</strong></span> <span class='ocrx_word' id='word_1_173' title='bbox 721 1771 767 1818; x_wconf 58' lang='lat'><strong>¹¹³</strong></span> <span class='ocrx_word' id='word_1_174' title='bbox 782 1772 839 1818; x_wconf 70' lang='lat'><strong>²³⁸</strong></span> <span class='ocrx_word' id='word_1_175' title='bbox 856 1761 1024 1840; x_wconf 48' lang='lat' dir='ltr'><strong>‘lumin’</strong></span> <span class='ocrx_word' id='word_1_176' title='bbox 1048 1763 1184 1819; x_wconf 69' lang='lat'><strong>⁰¹¹³¹¹¹⁸¹</strong></span> <span class='ocrx_word' id='word_1_177' title='bbox 1238 1787 1344 1856; x_wconf 84' lang='lat' dir='ltr'><strong>officii</strong></span> <span class='ocrx_word' id='word_1_178' title='bbox 1359 1801 1393 1856; x_wconf 90' lang='lat' dir='ltr'><strong>et</strong></span> <span class='ocrx_word' id='word_1_179' title='bbox 1406 1787 1651 1872; x_wconf 90' lang='lat' dir='ltr'><strong>obedientiae,</strong></span> <span class='ocrx_word' id='word_1_180' title='bbox 1676 1811 1751 1856; x_wconf 91' lang='lat' dir='ltr'><strong>non</strong></span> <span class='ocrx_word' id='word_1_181' title='bbox 1766 1785 1928 1857; x_wconf 84' lang='lat' dir='ltr'><strong>existimo</strong></span> <span class='ocrx_word' id='word_1_182' title='bbox 1944 1786 2122 1877; x_wconf 84' lang='lat' dir='ltr'><strong>expectari</strong></span> <span class='ocrx_word' id='word_1_183' title='bbox 2140 1810 2225 1857; x_wconf 81' lang='lat' dir='ltr'><strong>anre</strong></span> 
     </span>
     <span class='ocr_line' id='line_1_23' title="bbox 188 1851 2226 1982; baseline 0.008 -42"><span class='ocrx_word' id='word_1_184' title='bbox 188 1856 473 1938; x_wconf 66' lang='lat' dir='ltr'><strong>111l11⁸¹¹¹c³¹¹¹¹b</strong></span> <span class='ocrx_word' id='word_1_185' title='bbox 498 1867 538 1923; x_wconf 67' lang='lat'><strong>¹¹²</strong></span> <span class='ocrx_word' id='word_1_186' title='bbox 556 1851 696 1924; x_wconf 50' lang='lat' dir='ltr'><strong>faetus·</strong></span> <span class='ocrx_word' id='word_1_187' title='bbox 1237 1888 1393 1960; x_wconf 88' lang='lat' dir='ltr'><strong>rationes</strong></span> <span class='ocrx_word' id='word_1_188' title='bbox 1416 1883 1524 1959; x_wconf 89' lang='lat' dir='ltr'><strong>huius</strong></span> <span class='ocrx_word' id='word_1_189' title='bbox 1547 1889 1618 1958; x_wconf 90' lang='lat' dir='ltr'><strong>mei</strong></span> <span class='ocrx_word' id='word_1_190' title='bbox 1634 1889 1738 1974; x_wconf 84' lang='lat' dir='ltr'><strong>facti,</strong></span> <span class='ocrx_word' id='word_1_191' title='bbox 1764 1889 1861 1982; x_wconf 91' lang='lat' dir='ltr'><strong>quod</strong></span> <span class='ocrx_word' id='word_1_192' title='bbox 1878 1889 1993 1957; x_wconf 86' lang='lat' dir='ltr'><strong>iussus</strong></span> <span class='ocrx_word' id='word_1_193' title='bbox 2007 1889 2146 1978; x_wconf 87' lang='lat' dir='ltr'><strong>prodeo</strong></span> <span class='ocrx_word' id='word_1_194' title='bbox 2161 1883 2226 1959; x_wconf 88' lang='lat' dir='ltr'><strong>hnc</strong></span> 
     </span>
     <span class='ocr_line' id='line_1_24' title="bbox 192 1981 2227 2081; baseline 0.002 -25"><span class='ocrx_word' id='word_1_195' title='bbox 192 2007 196 2012; x_wconf 83' lang='lat'><strong>·</strong></span> <span class='ocrx_word' id='word_1_196' title='bbox 296 1987 399 2059; x_wconf 86' lang='lat' dir='ltr'><strong>Hanc</strong></span> <span class='ocrx_word' id='word_1_197' title='bbox 427 1986 645 2068; x_wconf 89' lang='lat' dir='ltr'><strong>libertatem,</strong></span> <span class='ocrx_word' id='word_1_198' title='bbox 678 1981 755 2054; x_wconf 84' lang='lat' dir='ltr'><strong>vult</strong></span> <span class='ocrx_word' id='word_1_199' title='bbox 776 1981 875 2054; x_wconf 87' lang='lat' dir='ltr'><strong>Deus</strong></span> <span class='ocrx_word' id='word_1_200' title='bbox 902 1984 1075 2078; x_wconf 90' lang='lat' dir='ltr'><strong>reliquam</strong></span> <span class='ocrx_word' id='word_1_201' title='bbox 1100 2006 1186 2070; x_wconf 91' lang='lat' dir='ltr'><strong>esse,</strong></span> <span class='ocrx_word' id='word_1_202' title='bbox 1237 1989 1516 2075; x_wconf 87' lang='lat' dir='ltr'><strong>addicendum,</strong></span> <span class='ocrx_word' id='word_1_203' title='bbox 1540 1991 1682 2061; x_wconf 86' lang='lat' dir='ltr'><strong>conlido</strong></span> <span class='ocrx_word' id='word_1_204' title='bbox 1703 1991 1800 2060; x_wconf 89' lang='lat' dir='ltr'><strong>enim</strong></span> <span class='ocrx_word' id='word_1_205' title='bbox 1822 1989 1916 2081; x_wconf 88' lang='lat' dir='ltr'><strong>ipsas</strong></span> <span class='ocrx_word' id='word_1_206' title='bbox 1934 1989 2163 2061; x_wconf 84' lang='lat' dir='ltr'><strong>obedientiae</strong></span> <span class='ocrx_word' id='word_1_207' title='bbox 2180 1991 2227 2060; x_wconf 89' lang='lat' dir='ltr'><strong>le·</strong></span> 
     </span>
     <span class='ocr_line' id='line_1_25' title="bbox 190 2085 2226 2187; baseline -0.002 -22"><span class='ocrx_word' id='word_1_208' title='bbox 190 2109 229 2165; x_wconf 82' lang='lat' dir='ltr'><strong>et</strong></span> <span class='ocrx_word' id='word_1_209' title='bbox 247 2090 466 2165; x_wconf 87' lang='lat' dir='ltr'><strong>severissime</strong></span> <span class='ocrx_word' id='word_1_210' title='bbox 484 2085 657 2179; x_wconf 86' lang='lat' dir='ltr'><strong>praecipit</strong></span> <span class='ocrx_word' id='word_1_211' title='bbox 675 2100 817 2157; x_wconf 83' lang='lat' dir='ltr'><strong>externa</strong></span> <span class='ocrx_word' id='word_1_212' title='bbox 833 2089 991 2157; x_wconf 88' lang='lat' dir='ltr'><strong>membra</strong></span> <span class='ocrx_word' id='word_1_213' title='bbox 1008 2087 1085 2178; x_wconf 87' lang='lat' dir='ltr'><strong>lege</strong></span> <span class='ocrx_word' id='word_1_214' title='bbox 1100 2086 1186 2176; x_wconf 86' lang='lat' dir='ltr'><strong>regi,</strong></span> <span class='ocrx_word' id='word_1_215' title='bbox 1236 2114 1295 2181; x_wconf 83' lang='lat' dir='ltr'><strong>ges</strong></span> <span class='ocrx_word' id='word_1_216' title='bbox 1317 2106 1558 2178; x_wconf 80' lang='lat' dir='ltr'><strong>excusaturos,</strong></span> <span class='ocrx_word' id='word_1_217' title='bbox 1582 2093 1610 2161; x_wconf 91' lang='lat' dir='ltr'><strong>si</strong></span> <span class='ocrx_word' id='word_1_218' title='bbox 1633 2092 1719 2187; x_wconf 91' lang='lat' dir='ltr'><strong>quid</strong></span> <span class='ocrx_word' id='word_1_219' title='bbox 1744 2091 2020 2160; x_wconf 82' lang='lat' dir='ltr'><strong>inverecundius</strong></span> <span class='ocrx_word' id='word_1_220' title='bbox 2036 2092 2077 2160; x_wconf 91' lang='lat' dir='ltr'><strong>in</strong></span> <span class='ocrx_word' id='word_1_221' title='bbox 2094 2116 2139 2162; x_wconf 87' lang='lat' dir='ltr'><strong>eo</strong></span> <span class='ocrx_word' id='word_1_222' title='bbox 2158 2091 2226 2162; x_wconf 80' lang='lat' dir='ltr'><strong>beri</strong></span> 
     </span>
     <span class='ocr_line' id='line_1_26' title="bbox 189 2187 2228 2286; baseline 0.001 -23"><span class='ocrx_word' id='word_1_223' title='bbox 189 2215 229 2268; x_wconf 85' lang='lat' dir='ltr'><strong>et</strong></span> <span class='ocrx_word' id='word_1_224' title='bbox 253 2192 347 2265; x_wconf 89' lang='lat' dir='ltr'><strong>hanc</strong></span> <span class='ocrx_word' id='word_1_225' title='bbox 370 2191 597 2282; x_wconf 86' lang='lat' dir='ltr'><strong>disciplinam</strong></span> <span class='ocrx_word' id='word_1_226' title='bbox 617 2188 782 2260; x_wconf 90' lang='lat' dir='ltr'><strong>nominat</strong></span> <span class='ocrx_word' id='word_1_227' title='bbox 802 2187 936 2259; x_wconf 85' lang='lat' dir='ltr'><strong>Paulus</strong></span> <span class='ocrx_word' id='word_1_228' title='bbox 958 2213 1064 2280; x_wconf 88' lang='lat' dir='ltr'><strong>opera</strong></span> <span class='ocrx_word' id='word_1_229' title='bbox 1088 2189 1185 2279; x_wconf 87' lang='lat' dir='ltr'><strong>legis,</strong></span> <span class='ocrx_word' id='word_1_230' title='bbox 1237 2193 1458 2279; x_wconf 87' lang='lat' dir='ltr'><strong>censebitur,</strong></span> <span class='ocrx_word' id='word_1_231' title='bbox 1495 2196 1590 2286; x_wconf 91' lang='lat' dir='ltr'><strong>quod</strong></span> <span class='ocrx_word' id='word_1_232' title='bbox 1622 2188 1687 2264; x_wconf 85' lang='lat' dir='ltr'><strong>ceu</strong></span> <span class='ocrx_word' id='word_1_233' title='bbox 1720 2217 1809 2284; x_wconf 89' lang='lat' dir='ltr'><strong>puer</strong></span> <span class='ocrx_word' id='word_1_234' title='bbox 1838 2192 2044 2264; x_wconf 87' lang='lat' dir='ltr'><strong>concionari</strong></span> <span class='ocrx_word' id='word_1_235' title='bbox 2075 2194 2228 2276; x_wconf 80' lang='lat' dir='ltr'><strong>senibus,</strong></span> 
     </span>
     <span class='ocr_line' id='line_1_27' title="bbox 193 2290 2227 2394; baseline -0 -28"><span class='ocrx_word' id='word_1_236' title='bbox 193 2299 292 2394; x_wconf 90' lang='lat' dir='ltr'><strong>quod</strong></span> <span class='ocrx_word' id='word_1_237' title='bbox 309 2297 396 2366; x_wconf 76' lang='lat' dir='ltr'><strong>litant</strong></span> <span class='ocrx_word' id='word_1_238' title='bbox 411 2293 624 2383; x_wconf 82' lang='lat' dir='ltr'><strong>cogitatione</strong></span> <span class='ocrx_word' id='word_1_239' title='bbox 639 2290 727 2381; x_wconf 87' lang='lat' dir='ltr'><strong>legis</strong></span> <span class='ocrx_word' id='word_1_240' title='bbox 743 2291 857 2360; x_wconf 89' lang='lat' dir='ltr'><strong>ciente</strong></span> <span class='ocrx_word' id='word_1_241' title='bbox 872 2315 1021 2376; x_wconf 90' lang='lat' dir='ltr'><strong>nervos,</strong></span> <span class='ocrx_word' id='word_1_242' title='bbox 1046 2291 1183 2362; x_wconf 89' lang='lat' dir='ltr'><strong>etiamsi</strong></span> <span class='ocrx_word' id='word_1_243' title='bbox 1237 2295 1331 2366; x_wconf 83' lang='lat' dir='ltr'><strong>filius</strong></span> <span class='ocrx_word' id='word_1_244' title='bbox 1355 2295 1638 2388; x_wconf 85' lang='lat' dir='ltr'><strong>praeceptoribus</strong></span> <span class='ocrx_word' id='word_1_245' title='bbox 1659 2311 1693 2367; x_wconf 87' lang='lat' dir='ltr'><strong>ct</strong></span> <span class='ocrx_word' id='word_1_246' title='bbox 1713 2296 1876 2389; x_wconf 84' lang='lat' dir='ltr'><strong>patribus</strong></span> <span class='ocrx_word' id='word_1_247' title='bbox 1895 2295 1933 2364; x_wconf 93' lang='lat' dir='ltr'><strong>in</strong></span> <span class='ocrx_word' id='word_1_248' title='bbox 1955 2309 2026 2365; x_wconf 87' lang='lat' dir='ltr'><strong>tam</strong></span> <span class='ocrx_word' id='word_1_249' title='bbox 2050 2295 2227 2390; x_wconf 81' lang='lat' dir='ltr'><strong>frequenti</strong></span> 
     </span>
     <span class='ocr_line' id='line_1_28' title="bbox 193 2388 1666 2483; baseline 0.001 -11"><span class='ocrx_word' id='word_1_250' title='bbox 193 2426 256 2472; x_wconf 92' lang='lat' dir='ltr'><strong>cor</strong></span> <span class='ocrx_word' id='word_1_251' title='bbox 269 2395 376 2470; x_wconf 88' lang='lat' dir='ltr'><strong>habet</strong></span> <span class='ocrx_word' id='word_1_252' title='bbox 392 2394 567 2466; x_wconf 91' lang='lat' dir='ltr'><strong>contraria</strong></span> <span class='ocrx_word' id='word_1_253' title='bbox 586 2392 761 2466; x_wconf 90' lang='lat' dir='ltr'><strong>incendia.</strong></span> <span class='ocrx_word' id='word_1_254' title='bbox 812 2388 866 2464; x_wconf 88' lang='lat' dir='ltr'><strong>Ac</strong></span> <span class='ocrx_word' id='word_1_255' title='bbox 880 2393 1111 2465; x_wconf 86' lang='lat' dir='ltr'><strong>violationem</strong></span> <span class='ocrx_word' id='word_1_256' title='bbox 1128 2393 1185 2462; x_wconf 90' lang='lat' dir='ltr'><strong>di·</strong></span> <span class='ocrx_word' id='word_1_257' title='bbox 1237 2421 1421 2483; x_wconf 87' lang='lat' dir='ltr'><strong>consessu,</strong></span> <span class='ocrx_word' id='word_1_258' title='bbox 1441 2422 1517 2467; x_wconf 90' lang='lat' dir='ltr'><strong>non</strong></span> <span class='ocrx_word' id='word_1_259' title='bbox 1535 2421 1666 2473; x_wconf 89' lang='lat' dir='ltr'><strong>verear.</strong></span> 
     </span>
    </p>

    <p class='ocr_par' dir='ltr' id='par_1_13' title="bbox 193 2495 2227 3101">
     <span class='ocr_line' id='line_1_29' title="bbox 195 2495 2227 2596; baseline 0 -26"><span class='ocrx_word' id='word_1_260' title='bbox 195 2502 365 2596; x_wconf 89' lang='lat' dir='ltr'><strong>sciplinac</strong></span> <span class='ocrx_word' id='word_1_261' title='bbox 380 2496 478 2568; x_wconf 90' lang='lat' dir='ltr'><strong>Deus</strong></span> <span class='ocrx_word' id='word_1_262' title='bbox 497 2496 716 2565; x_wconf 88' lang='lat' dir='ltr'><strong>severissime</strong></span> <span class='ocrx_word' id='word_1_263' title='bbox 738 2496 859 2584; x_wconf 89' lang='lat' dir='ltr'><strong>punit,</strong></span> <span class='ocrx_word' id='word_1_264' title='bbox 884 2508 925 2567; x_wconf 91' lang='lat' dir='ltr'><strong>ut</strong></span> <span class='ocrx_word' id='word_1_265' title='bbox 945 2496 1056 2566; x_wconf 89' lang='lat' dir='ltr'><strong>multa</strong></span> <span class='ocrx_word' id='word_1_266' title='bbox 1069 2495 1183 2565; x_wconf 87' lang='lat' dir='ltr'><strong>tristia</strong></span> <span class='ocrx_word' id='word_1_267' title='bbox 1338 2495 1386 2570; x_wconf 77' lang='lat' dir='ltr'><strong>Et</strong></span> <span class='ocrx_word' id='word_1_268' title='bbox 1402 2524 1482 2570; x_wconf 91' lang='lat' dir='ltr'><strong>curn</strong></span> <span class='ocrx_word' id='word_1_269' title='bbox 1498 2521 1620 2569; x_wconf 83' lang='lat' dir='ltr'><strong>causas</strong></span> <span class='ocrx_word' id='word_1_270' title='bbox 1637 2498 1807 2570; x_wconf 91' lang='lat' dir='ltr'><strong>noveritis</strong></span> <span class='ocrx_word' id='word_1_271' title='bbox 1823 2521 1946 2567; x_wconf 88' lang='lat' dir='ltr'><strong>omnes</strong></span> <span class='ocrx_word' id='word_1_272' title='bbox 1956 2497 2116 2569; x_wconf 88' lang='lat' dir='ltr'><strong>instituti</strong></span> <span class='ocrx_word' id='word_1_273' title='bbox 2126 2500 2227 2570; x_wconf 91' lang='lat' dir='ltr'><strong>moris</strong></span> 
     </span>
     <span class='ocr_line' id='line_1_30' title="bbox 194 2595 2226 2694; baseline -0 -23"><span class='ocrx_word' id='word_1_274' title='bbox 194 2630 236 2676; x_wconf 85' lang='lat' dir='ltr'><strong>ac</strong></span> <span class='ocrx_word' id='word_1_275' title='bbox 266 2603 397 2693; x_wconf 81' lang='lat' dir='ltr'><strong>tragica</strong></span> <span class='ocrx_word' id='word_1_276' title='bbox 428 2599 624 2692; x_wconf 85' lang='lat' dir='ltr'><strong>spectacula</strong></span> <span class='ocrx_word' id='word_1_277' title='bbox 653 2597 814 2691; x_wconf 90' lang='lat' dir='ltr'><strong>quotidie</strong></span> <span class='ocrx_word' id='word_1_278' title='bbox 837 2599 1057 2681; x_wconf 80' lang='lat' dir='ltr'><strong>ostendunt,</strong></span> <span class='ocrx_word' id='word_1_279' title='bbox 1079 2597 1185 2681; x_wconf 89' lang='lat' dir='ltr'><strong>bella,</strong></span> <span class='ocrx_word' id='word_1_280' title='bbox 1235 2595 1363 2685; x_wconf 89' lang='lat' dir='ltr'><strong>huius,</strong></span> <span class='ocrx_word' id='word_1_281' title='bbox 1390 2626 1462 2694; x_wconf 92' lang='lat' dir='ltr'><strong>quo</strong></span> <span class='ocrx_word' id='word_1_282' title='bbox 1478 2602 1578 2670; x_wconf 90' lang='lat' dir='ltr'><strong>locus</strong></span> <span class='ocrx_word' id='word_1_283' title='bbox 1591 2601 1732 2671; x_wconf 92' lang='lat' dir='ltr'><strong>dicendi</strong></span> <span class='ocrx_word' id='word_1_284' title='bbox 1747 2600 1854 2670; x_wconf 80' lang='lat' dir='ltr'><strong>alicui</strong></span> <span class='ocrx_word' id='word_1_285' title='bbox 1871 2624 1912 2668; x_wconf 86' lang='lat' dir='ltr'><strong>ex</strong></span> <span class='ocrx_word' id='word_1_286' title='bbox 1926 2600 2031 2670; x_wconf 90' lang='lat' dir='ltr'><strong>nobis</strong></span> <span class='ocrx_word' id='word_1_287' title='bbox 2044 2600 2226 2685; x_wconf 87' lang='lat' dir='ltr'><strong>tribuitur,</strong></span> 
     </span>
     <span class='ocr_line' id='line_1_31' title="bbox 195 2698 2226 2790; baseline -0.004 -13"><span class='ocrx_word' id='word_1_288' title='bbox 195 2708 337 2790; x_wconf 86' lang='lat' dir='ltr'><strong>caedes,</strong></span> <span class='ocrx_word' id='word_1_289' title='bbox 369 2701 600 2782; x_wconf 86' lang='lat' dir='ltr'><strong>vastationes,</strong></span> <span class='ocrx_word' id='word_1_290' title='bbox 634 2698 752 2768; x_wconf 92' lang='lat' dir='ltr'><strong>morbi</strong></span> <span class='ocrx_word' id='word_1_291' title='bbox 773 2713 804 2769; x_wconf 89' lang='lat' dir='ltr'><strong>et</strong></span> <span class='ocrx_word' id='word_1_292' title='bbox 828 2699 919 2768; x_wconf 89' lang='lat' dir='ltr'><strong>aliae</strong></span> <span class='ocrx_word' id='word_1_293' title='bbox 938 2700 1070 2769; x_wconf 89' lang='lat' dir='ltr'><strong>multae</strong></span> <span class='ocrx_word' id='word_1_294' title='bbox 1091 2698 1185 2769; x_wconf 88' lang='lat' dir='ltr'><strong>cala·</strong></span> <span class='ocrx_word' id='word_1_295' title='bbox 1237 2701 1309 2771; x_wconf 88' lang='lat' dir='ltr'><strong>scio</strong></span> <span class='ocrx_word' id='word_1_296' title='bbox 1340 2727 1415 2772; x_wconf 88' lang='lat' dir='ltr'><strong>uon</strong></span> <span class='ocrx_word' id='word_1_297' title='bbox 1443 2717 1517 2773; x_wconf 87' lang='lat' dir='ltr'><strong>tarn</strong></span> <span class='ocrx_word' id='word_1_298' title='bbox 1541 2703 1738 2774; x_wconf 89' lang='lat' dir='ltr'><strong>orationem</strong></span> <span class='ocrx_word' id='word_1_299' title='bbox 1763 2703 1819 2772; x_wconf 91' lang='lat' dir='ltr'><strong>vel</strong></span> <span class='ocrx_word' id='word_1_300' title='bbox 1844 2701 1979 2771; x_wconf 90' lang='lat' dir='ltr'><strong>iudicio</strong></span> <span class='ocrx_word' id='word_1_301' title='bbox 2001 2702 2226 2786; x_wconf 85' lang='lat' dir='ltr'><strong>elaboratam,</strong></span> 
     </span>
     <span class='ocr_line' id='line_1_32' title="bbox 193 2795 2225 2897; baseline -0.002 -20"><span class='ocrx_word' id='word_1_302' title='bbox 193 2809 346 2881; x_wconf 87' lang='lat' dir='ltr'><strong>mitates.</strong></span> <span class='ocrx_word' id='word_1_303' title='bbox 397 2803 457 2875; x_wconf 85' lang='lat' dir='ltr'><strong>Sic</strong></span> <span class='ocrx_word' id='word_1_304' title='bbox 478 2803 574 2872; x_wconf 89' lang='lat' dir='ltr'><strong>enirn</strong></span> <span class='ocrx_word' id='word_1_305' title='bbox 590 2801 708 2895; x_wconf 88' lang='lat' dir='ltr'><strong>inquit</strong></span> <span class='ocrx_word' id='word_1_306' title='bbox 722 2820 791 2869; x_wconf 78' lang='lat' dir='ltr'><strong>vox</strong></span> <span class='ocrx_word' id='word_1_307' title='bbox 808 2801 947 2870; x_wconf 89' lang='lat' dir='ltr'><strong>divina:</strong></span> <span class='ocrx_word' id='word_1_308' title='bbox 975 2796 1106 2870; x_wconf 90' lang='lat' dir='ltr'><strong>Omnis</strong></span> <span class='ocrx_word' id='word_1_309' title='bbox 1122 2800 1184 2893; x_wconf 91' lang='lat' dir='ltr'><strong>qui</strong></span> <span class='ocrx_word' id='word_1_310' title='bbox 1236 2804 1293 2873; x_wconf 91' lang='lat' dir='ltr'><strong>vel</strong></span> <span class='ocrx_word' id='word_1_311' title='bbox 1317 2805 1464 2895; x_wconf 87' lang='lat' dir='ltr'><strong>politam</strong></span> <span class='ocrx_word' id='word_1_312' title='bbox 1488 2818 1618 2876; x_wconf 90' lang='lat' dir='ltr'><strong>ornatu</strong></span> <span class='ocrx_word' id='word_1_313' title='bbox 1641 2804 1832 2875; x_wconf 90' lang='lat' dir='ltr'><strong>verborum</strong></span> <span class='ocrx_word' id='word_1_314' title='bbox 1850 2827 2055 2897; x_wconf 86' lang='lat' dir='ltr'><strong>quenquam</strong></span> <span class='ocrx_word' id='word_1_315' title='bbox 2071 2795 2225 2875; x_wconf 84' lang='lat' dir='ltr'><strong>vestrtiur</strong></span> 
     </span>
     <span class='ocr_line' id='line_1_33' title="bbox 195 2903 2224 3006; baseline 0 -31"><span class='ocrx_word' id='word_1_316' title='bbox 195 2907 354 3006; x_wconf 79' lang='lat' dir='ltr'><strong>gladium</strong></span> <span class='ocrx_word' id='word_1_317' title='bbox 384 2903 574 2997; x_wconf 88' lang='lat' dir='ltr'><strong>acceperit,</strong></span> <span class='ocrx_word' id='word_1_318' title='bbox 603 2903 721 2994; x_wconf 87' lang='lat' dir='ltr'><strong>gladio</strong></span> <span class='ocrx_word' id='word_1_319' title='bbox 749 2904 897 2994; x_wconf 82' lang='lat' dir='ltr'><strong>peribit3</strong></span> <span class='ocrx_word' id='word_1_320' title='bbox 930 2916 967 2973; x_wconf 89' lang='lat' dir='ltr'><strong>ct</strong></span> <span class='ocrx_word' id='word_1_321' title='bbox 990 2904 1036 2973; x_wconf 90' lang='lat' dir='ltr'><strong>dc</strong></span> <span class='ocrx_word' id='word_1_322' title='bbox 1058 2905 1186 2972; x_wconf 88' lang='lat' dir='ltr'><strong>conlu-</strong></span> <span class='ocrx_word' id='word_1_323' title='bbox 1237 2907 1377 2976; x_wconf 87' lang='lat' dir='ltr'><strong>anobis</strong></span> <span class='ocrx_word' id='word_1_324' title='bbox 1392 2907 1583 3000; x_wconf 89' lang='lat' dir='ltr'><strong>requirere,</strong></span> <span class='ocrx_word' id='word_1_325' title='bbox 1608 2930 1715 2999; x_wconf 90' lang='lat' dir='ltr'><strong>quam</strong></span> <span class='ocrx_word' id='word_1_326' title='bbox 1729 2907 1898 2978; x_wconf 88' lang='lat' dir='ltr'><strong>delectari</strong></span> <span class='ocrx_word' id='word_1_327' title='bbox 1913 2907 2032 2975; x_wconf 83' lang='lat' dir='ltr'><strong>studio</strong></span> <span class='ocrx_word' id='word_1_328' title='bbox 2048 2922 2224 2994; x_wconf 87' lang='lat' dir='ltr'><strong>praestan·</strong></span> 
     </span>
     <span class='ocr_line' id='line_1_34' title="bbox 193 3001 2224 3101; baseline 0 -24"><span class='ocrx_word' id='word_1_329' title='bbox 193 3014 295 3083; x_wconf 83' lang='lat' dir='ltr'><strong>sione</strong></span> <span class='ocrx_word' id='word_1_330' title='bbox 323 3008 534 3078; x_wconf 90' lang='lat' dir='ltr'><strong>libidinum:</strong></span> <span class='ocrx_word' id='word_1_331' title='bbox 570 3001 701 3075; x_wconf 90' lang='lat' dir='ltr'><strong>Omnis</strong></span> <span class='ocrx_word' id='word_1_332' title='bbox 724 3006 844 3077; x_wconf 81' lang='lat' dir='ltr'><strong>areima</strong></span> <span class='ocrx_word' id='word_1_333' title='bbox 867 3007 1098 3101; x_wconf 82' lang='lat' dir='ltr'><strong>quaelecerit</strong></span> <span class='ocrx_word' id='word_1_334' title='bbox 1121 3001 1185 3074; x_wconf 85' lang='lat' dir='ltr'><strong>bas</strong></span> <span class='ocrx_word' id='word_1_335' title='bbox 1237 3012 1303 3076; x_wconf 90' lang='lat' dir='ltr'><strong>dae</strong></span> <span class='ocrx_word' id='word_1_336' title='bbox 1325 3008 1565 3094; x_wconf 86' lang='lat' dir='ltr'><strong>obedieutiae,</strong></span> <span class='ocrx_word' id='word_1_337' title='bbox 1592 3021 1627 3079; x_wconf 93' lang='lat' dir='ltr'><strong>et</strong></span> <span class='ocrx_word' id='word_1_338' title='bbox 1652 3004 1708 3076; x_wconf 89' lang='lat' dir='ltr'><strong>bis</strong></span> <span class='ocrx_word' id='word_1_339' title='bbox 1729 3010 1774 3077; x_wconf 91' lang='lat' dir='ltr'><strong>ad</strong></span> <span class='ocrx_word' id='word_1_340' title='bbox 1798 3007 1982 3077; x_wconf 61' lang='lat' dir='ltr'><strong>excitanda</strong></span> <span class='ocrx_word' id='word_1_341' title='bbox 2004 3007 2224 3097; x_wconf 81' lang='lat' dir='ltr'><strong>ingeniano-</strong></span> 
     </span>
    </p>
   </div>
   <div class='ocr_carea' id='block_1_12' title="bbox 193 3108 770 3193">
    <p class='ocr_par' dir='ltr' id='par_1_14' title="bbox 193 3108 770 3193">
     <span class='ocr_line' id='line_1_35' title="bbox 193 3108 770 3193; baseline -0.005 -10"><span class='ocrx_word' id='word_1_342' title='bbox 193 3111 495 3193; x_wconf 90' lang='lat' dir='ltr'><strong>abominationes,</strong></span> <span class='ocrx_word' id='word_1_343' title='bbox 522 3108 770 3181; x_wconf 86' lang='lat' dir='ltr'><strong>eradicabitur.</strong></span> 
     </span>
    </p>
   </div>
   <div class='ocr_carea' id='block_1_13' title="bbox 101 3238 1185 4456">
    <p class='ocr_par' dir='ltr' id='par_1_15' title="bbox 101 3238 1185 4456">
     <span class='ocr_line' id='line_1_36' title="bbox 295 3238 1184 3332; baseline -0.006 -19"><span class='ocrx_word' id='word_1_344' title='bbox 295 3242 371 3314; x_wconf 86' lang='lat' dir='ltr'><strong>llas</strong></span> <span class='ocrx_word' id='word_1_345' title='bbox 393 3238 591 3312; x_wconf 89' lang='lat' dir='ltr'><strong>horrendas</strong></span> <span class='ocrx_word' id='word_1_346' title='bbox 615 3262 745 3332; x_wconf 87' lang='lat' dir='ltr'><strong>poenas</strong></span> <span class='ocrx_word' id='word_1_347' title='bbox 768 3240 992 3321; x_wconf 87' lang='lat' dir='ltr'><strong>intueamur,</strong></span> <span class='ocrx_word' id='word_1_348' title='bbox 1020 3252 1054 3310; x_wconf 91' lang='lat' dir='ltr'><strong>et</strong></span> <span class='ocrx_word' id='word_1_349' title='bbox 1078 3239 1184 3311; x_wconf 91' lang='lat' dir='ltr'><strong>disci-</strong></span> 
     </span>
     <span class='ocr_line' id='line_1_37' title="bbox 192 3338 1184 3443; baseline -0.008 -24"><span class='ocrx_word' id='word_1_350' title='bbox 192 3350 313 3443; x_wconf 90' lang='lat' dir='ltr'><strong>plinae</strong></span> <span class='ocrx_word' id='word_1_351' title='bbox 343 3338 573 3414; x_wconf 80' lang='lat' dir='ltr'><strong>violationem</strong></span> <span class='ocrx_word' id='word_1_352' title='bbox 602 3342 764 3413; x_wconf 87' lang='lat' dir='ltr'><strong>vitemus.</strong></span> <span class='ocrx_word' id='word_1_353' title='bbox 824 3340 956 3431; x_wconf 83' lang='lat' dir='ltr'><strong>Magna</strong></span> <span class='ocrx_word' id='word_1_354' title='bbox 987 3355 1039 3414; x_wconf 86' lang='lat' dir='ltr'><strong>est</strong></span> <span class='ocrx_word' id='word_1_355' title='bbox 1066 3357 1184 3437; x_wconf 83' lang='lat' dir='ltr'><strong>autern</strong></span> 
     </span>
     <span class='ocr_line' id='line_1_38' title="bbox 192 3442 1185 3524; baseline -0.006 -3"><span class='ocrx_word' id='word_1_356' title='bbox 192 3462 341 3522; x_wconf 85' lang='lat' dir='ltr'><strong>naturae</strong></span> <span class='ocrx_word' id='word_1_357' title='bbox 369 3446 574 3524; x_wconf 81' lang='lat' dir='ltr'><strong>infirmitas,</strong></span> <span class='ocrx_word' id='word_1_358' title='bbox 609 3459 644 3514; x_wconf 86' lang='lat' dir='ltr'><strong>et</strong></span> <span class='ocrx_word' id='word_1_359' title='bbox 668 3442 819 3513; x_wconf 88' lang='lat' dir='ltr'><strong>insidiae</strong></span> <span class='ocrx_word' id='word_1_360' title='bbox 843 3442 1079 3515; x_wconf 85' lang='lat' dir='ltr'><strong>Diabolorum</strong></span> <span class='ocrx_word' id='word_1_361' title='bbox 1101 3455 1185 3516; x_wconf 89' lang='lat' dir='ltr'><strong>sunt</strong></span> 
     </span>
     <span class='ocr_line' id='line_1_39' title="bbox 192 3538 1183 3636; baseline -0.009 -13"><span class='ocrx_word' id='word_1_362' title='bbox 192 3552 365 3623; x_wconf 75' lang='lat' dir='ltr'><strong>assiduae.</strong></span> <span class='ocrx_word' id='word_1_363' title='bbox 418 3546 495 3619; x_wconf 85' lang='lat' dir='ltr'><strong>Etsi</strong></span> <span class='ocrx_word' id='word_1_364' title='bbox 521 3547 631 3636; x_wconf 85' lang='lat' dir='ltr'><strong>igitur</strong></span> <span class='ocrx_word' id='word_1_365' title='bbox 651 3538 703 3616; x_wconf 86' lang='lat' dir='ltr'><strong>est</strong></span> <span class='ocrx_word' id='word_1_366' title='bbox 723 3547 842 3636; x_wconf 86' lang='lat' dir='ltr'><strong>aliqua</strong></span> <span class='ocrx_word' id='word_1_367' title='bbox 867 3545 1032 3632; x_wconf 87' lang='lat' dir='ltr'><strong>libertas,</strong></span> <span class='ocrx_word' id='word_1_368' title='bbox 1065 3560 1183 3617; x_wconf 89' lang='lat' dir='ltr'><strong>tamen</strong></span> 
     </span>
     <span class='ocr_line' id='line_1_40' title="bbox 191 3647 1184 3726; baseline -0.01 0"><span class='ocrx_word' id='word_1_369' title='bbox 191 3656 295 3726; x_wconf 83' lang='lat' dir='ltr'><strong>facile</strong></span> <span class='ocrx_word' id='word_1_370' title='bbox 324 3653 518 3721; x_wconf 90' lang='lat' dir='ltr'><strong>vincuntur</strong></span> <span class='ocrx_word' id='word_1_371' title='bbox 547 3647 725 3718; x_wconf 87' lang='lat' dir='ltr'><strong>lmmines.</strong></span> <span class='ocrx_word' id='word_1_372' title='bbox 784 3649 907 3721; x_wconf 88' lang='lat' dir='ltr'><strong>Sciant</strong></span> <span class='ocrx_word' id='word_1_373' title='bbox 927 3662 1044 3719; x_wconf 90' lang='lat' dir='ltr'><strong>autem</strong></span> <span class='ocrx_word' id='word_1_374' title='bbox 1068 3648 1184 3719; x_wconf 87' lang='lat' dir='ltr'><strong>renati</strong></span> 
     </span>
     <span class='ocr_line' id='line_1_41' title="bbox 137 3748 1183 3844; baseline -0.009 -17"><span class='ocrx_word' id='word_1_375' title='bbox 137 3784 139 3791; x_wconf 92' lang='lat'>·</span> <span class='ocrx_word' id='word_1_376' title='bbox 193 3757 366 3826; x_wconf 66' lang='lat' dir='ltr'><strong>brixillum</strong></span> <span class='ocrx_word' id='word_1_377' title='bbox 396 3779 416 3822; x_wconf 88' lang='lat' dir='ltr'><strong>a</strong></span> <span class='ocrx_word' id='word_1_378' title='bbox 441 3752 514 3820; x_wconf 87' lang='lat' dir='ltr'><strong>lilio</strong></span> <span class='ocrx_word' id='word_1_379' title='bbox 530 3748 598 3819; x_wconf 87' lang='lat' dir='ltr'><strong>Dei</strong></span> <span class='ocrx_word' id='word_1_380' title='bbox 624 3752 813 3841; x_wconf 90' lang='lat' dir='ltr'><strong>petendum</strong></span> <span class='ocrx_word' id='word_1_381' title='bbox 838 3772 930 3836; x_wconf 87' lang='lat' dir='ltr'><strong>esse,</strong></span> <span class='ocrx_word' id='word_1_382' title='bbox 962 3750 1024 3844; x_wconf 91' lang='lat' dir='ltr'><strong>qui</strong></span> <span class='ocrx_word' id='word_1_383' title='bbox 1047 3749 1183 3843; x_wconf 88' lang='lat' dir='ltr'><strong>inquit:</strong></span> 
     </span>
     <span class='ocr_line' id='line_1_42' title="bbox 101 3846 1182 3951; baseline -0.008 -22"><span class='ocrx_word' id='word_1_384' title='bbox 101 3926 109 3951; x_wconf 68' lang='grc'>,</span> <span class='ocrx_word' id='word_1_385' title='bbox 129 3897 132 3900; x_wconf 92' lang='grc'><strong>-</strong></span> <span class='ocrx_word' id='word_1_386' title='bbox 194 3854 306 3930; x_wconf 89' lang='lat' dir='ltr'><strong>Orate</strong></span> <span class='ocrx_word' id='word_1_387' title='bbox 323 3880 368 3925; x_wconf 91' lang='lat' dir='ltr'><strong>ne</strong></span> <span class='ocrx_word' id='word_1_388' title='bbox 384 3854 523 3924; x_wconf 88' lang='lat' dir='ltr'><strong>intretis</strong></span> <span class='ocrx_word' id='word_1_389' title='bbox 536 3852 574 3921; x_wconf 93' lang='lat' dir='ltr'><strong>in</strong></span> <span class='ocrx_word' id='word_1_390' title='bbox 588 3852 831 3921; x_wconf 87' lang='lat' dir='ltr'><strong>tentationem.</strong></span> <span class='ocrx_word' id='word_1_391' title='bbox 867 3849 1066 3941; x_wconf 84' lang='lat' dir='ltr'><strong>longantur</strong></span> <span class='ocrx_word' id='word_1_392' title='bbox 1080 3846 1182 3921; x_wconf 86' lang='lat' dir='ltr'><strong>haec:</strong></span> 
     </span>
     <span class='ocr_line' id='line_1_43' title="bbox 160 3948 1182 4050; baseline -0.003 -22"><span class='ocrx_word' id='word_1_393' title='bbox 160 3988 163 3994; x_wconf 58' lang='lat'>²</span> <span class='ocrx_word' id='word_1_394' title='bbox 191 3958 377 4050; x_wconf 84' lang='lat' dir='ltr'><strong>&#39;diligentia</strong></span> <span class='ocrx_word' id='word_1_395' title='bbox 398 3971 432 4026; x_wconf 94' lang='lat' dir='ltr'><strong>et</strong></span> <span class='ocrx_word' id='word_1_396' title='bbox 454 3956 650 4033; x_wconf 87' lang='lat' dir='ltr'><strong>invocatio,</strong></span> <span class='ocrx_word' id='word_1_397' title='bbox 676 3979 740 4023; x_wconf 89' lang='lat' dir='ltr'><strong>nec</strong></span> <span class='ocrx_word' id='word_1_398' title='bbox 763 3954 809 4022; x_wconf 92' lang='lat' dir='ltr'><strong>sit</strong></span> <span class='ocrx_word' id='word_1_399' title='bbox 831 3948 940 4023; x_wconf 87' lang='lat' dir='ltr'><strong>horno</strong></span> <span class='ocrx_word' id='word_1_400' title='bbox 965 3967 1008 4049; x_wconf 77' lang='lat' dir='ltr'><strong>ut</strong></span> <span class='ocrx_word' id='word_1_401' title='bbox 1023 3965 1182 4026; x_wconf 86' lang='lat' dir='ltr'><strong>truncus.</strong></span> 
     </span>
     <span class='ocr_line' id='line_1_44' title="bbox 192 4054 1183 4150; baseline -0.009 -18"><span class='ocrx_word' id='word_1_402' title='bbox 192 4062 316 4150; x_wconf 81' lang='lat' dir='ltr'><strong>Quare</strong></span> <span class='ocrx_word' id='word_1_403' title='bbox 336 4055 513 4129; x_wconf 88' lang='lat' dir='ltr'><strong>lohannes</strong></span> <span class='ocrx_word' id='word_1_404' title='bbox 530 4057 663 4149; x_wconf 83' lang='lat' dir='ltr'><strong>inquit:</strong></span> <span class='ocrx_word' id='word_1_405' title='bbox 690 4055 802 4126; x_wconf 86' lang='lat' dir='ltr'><strong>Natus</strong></span> <span class='ocrx_word' id='word_1_406' title='bbox 818 4080 859 4124; x_wconf 84' lang='lat' dir='ltr'><strong>ex</strong></span> <span class='ocrx_word' id='word_1_407' title='bbox 877 4055 952 4125; x_wconf 88' lang='lat' dir='ltr'><strong>Deo</strong></span> <span class='ocrx_word' id='word_1_408' title='bbox 968 4054 1120 4124; x_wconf 89' lang='lat' dir='ltr'><strong>custodit</strong></span> <span class='ocrx_word' id='word_1_409' title='bbox 1135 4078 1183 4136; x_wconf 91' lang='lat' dir='ltr'><strong>se,</strong></span> 
     </span>
     <span class='ocr_line' id='line_1_45' title="bbox 192 4151 1184 4246; baseline -0.011 -11"><span class='ocrx_word' id='word_1_410' title='bbox 192 4174 228 4235; x_wconf 87' lang='lat' dir='ltr'><strong>&#39;et</strong></span> <span class='ocrx_word' id='word_1_411' title='bbox 246 4162 419 4234; x_wconf 89' lang='lat' dir='ltr'><strong>Diabolus</strong></span> <span class='ocrx_word' id='word_1_412' title='bbox 448 4151 522 4228; x_wconf 84' lang='lat' dir='ltr'><strong>non</strong></span> <span class='ocrx_word' id='word_1_413' title='bbox 552 4159 694 4246; x_wconf 88' lang='lat' dir='ltr'><strong>attingit</strong></span> <span class='ocrx_word' id='word_1_414' title='bbox 719 4181 819 4239; x_wconf 80' lang='lat' dir='ltr'><strong>ctam,</strong></span> <span class='ocrx_word' id='word_1_415' title='bbox 852 4158 1034 4242; x_wconf 87' lang='lat' dir='ltr'><strong>videlicet,</strong></span> <span class='ocrx_word' id='word_1_416' title='bbox 1065 4156 1184 4225; x_wconf 90' lang='lat' dir='ltr'><strong>inten-</strong></span> 
     </span>
     <span class='ocr_line' id='line_1_46' title="bbox 194 4255 1183 4356; baseline -0.008 -21"><span class='ocrx_word' id='word_1_417' title='bbox 194 4277 269 4335; x_wconf 87' lang='lat' dir='ltr'><strong>tmn</strong></span> <span class='ocrx_word' id='word_1_418' title='bbox 290 4259 354 4335; x_wconf 86' lang='grc' dir='ltr'><strong>καὶ</strong></span> <span class='ocrx_word' id='word_1_419' title='bbox 377 4266 563 4356; x_wconf 72' lang='grc' dir='ltr'><strong>τηροῦντα</strong></span> <span class='ocrx_word' id='word_1_420' title='bbox 587 4255 734 4332; x_wconf 76' lang='grc' dir='ltr'><strong>ἑαυτὸν.</strong></span> <span class='ocrx_word' id='word_1_421' title='bbox 786 4257 882 4329; x_wconf 85' lang='lat' dir='ltr'><strong>llaec</strong></span> <span class='ocrx_word' id='word_1_422' title='bbox 904 4260 1008 4328; x_wconf 91' lang='lat' dir='ltr'><strong>verba</strong></span> <span class='ocrx_word' id='word_1_423' title='bbox 1031 4258 1183 4348; x_wconf 87' lang='lat' dir='ltr'><strong>diligen-</strong></span> 
     </span>
     <span class='ocr_line' id='line_1_47' title="bbox 194 4365 532 4456; baseline -0.009 -17"><span class='ocrx_word' id='word_1_424' title='bbox 194 4369 280 4448; x_wconf 83' lang='lat' dir='ltr'><strong>tiam</strong></span> <span class='ocrx_word' id='word_1_425' title='bbox 299 4365 532 4456; x_wconf 89' lang='lat' dir='ltr'><strong>praecipiunt.</strong></span> 
     </span>
    </p>
   </div>
   <div class='ocr_carea' id='block_1_14' title="bbox 193 4493 1184 5185">
    <p class='ocr_par' dir='ltr' id='par_1_16' title="bbox 193 4493 1184 5185">
     <span class='ocr_line' id='line_1_48' title="bbox 295 4493 1183 4590; baseline -0.006 -20"><span class='ocrx_word' id='word_1_426' title='bbox 295 4499 392 4570; x_wconf 87' lang='lat' dir='ltr'><strong>Haec</strong></span> <span class='ocrx_word' id='word_1_427' title='bbox 407 4524 503 4569; x_wconf 88' lang='lat' dir='ltr'><strong>nunc</strong></span> <span class='ocrx_word' id='word_1_428' title='bbox 516 4497 673 4567; x_wconf 89' lang='lat' dir='ltr'><strong>breviter</strong></span> <span class='ocrx_word' id='word_1_429' title='bbox 685 4498 728 4565; x_wconf 90' lang='lat' dir='ltr'><strong>de</strong></span> <span class='ocrx_word' id='word_1_430' title='bbox 743 4493 810 4567; x_wconf 91' lang='lat' dir='ltr'><strong>hac</strong></span> <span class='ocrx_word' id='word_1_431' title='bbox 825 4498 961 4589; x_wconf 85' lang='lat' dir='ltr'><strong>prolixa</strong></span> <span class='ocrx_word' id='word_1_432' title='bbox 977 4495 1183 4590; x_wconf 87' lang='lat' dir='ltr'><strong>quaestione</strong></span> 
     </span>
     <span class='ocr_line' id='line_1_49' title="bbox 194 4596 1183 4696; baseline -0.009 -21"><span class='ocrx_word' id='word_1_433' title='bbox 194 4607 293 4686; x_wconf 84' lang='lat' dir='ltr'><strong>dico,</strong></span> <span class='ocrx_word' id='word_1_434' title='bbox 320 4607 364 4674; x_wconf 91' lang='lat' dir='ltr'><strong>de</strong></span> <span class='ocrx_word' id='word_1_435' title='bbox 386 4627 454 4696; x_wconf 89' lang='lat' dir='ltr'><strong>qua</strong></span> <span class='ocrx_word' id='word_1_436' title='bbox 477 4596 577 4690; x_wconf 86' lang='lat' dir='ltr'><strong>saepe</strong></span> <span class='ocrx_word' id='word_1_437' title='bbox 602 4601 686 4668; x_wconf 86' lang='lat' dir='ltr'><strong>alias</strong></span> <span class='ocrx_word' id='word_1_438' title='bbox 711 4601 902 4670; x_wconf 80' lang='lat' dir='ltr'><strong>refutamus</strong></span> <span class='ocrx_word' id='word_1_439' title='bbox 917 4598 1035 4679; x_wconf 87' lang='lat' dir='ltr'><strong>Stoica</strong></span> <span class='ocrx_word' id='word_1_440' title='bbox 1053 4611 1087 4669; x_wconf 89' lang='lat' dir='ltr'><strong>et</strong></span> <span class='ocrx_word' id='word_1_441' title='bbox 1103 4598 1183 4667; x_wconf 84' lang='lat' dir='ltr'><strong>Ma-</strong></span> 
     </span>
     <span class='ocr_line' id='line_1_50' title="bbox 193 4695 1184 4797; baseline -0.006 -21"><span class='ocrx_word' id='word_1_442' title='bbox 193 4702 342 4776; x_wconf 82' lang='lat' dir='ltr'><strong>nirlraea</strong></span> <span class='ocrx_word' id='word_1_443' title='bbox 372 4703 494 4774; x_wconf 90' lang='lat' dir='ltr'><strong>deliria</strong></span> <span class='ocrx_word' id='word_1_444' title='bbox 525 4695 722 4797; x_wconf 79' lang='grc' dir='ltr'><strong><em>βλακώδη,</em></strong></span> <span class='ocrx_word' id='word_1_445' title='bbox 757 4726 891 4796; x_wconf 88' lang='lat' dir='ltr'><strong>vosque</strong></span> <span class='ocrx_word' id='word_1_446' title='bbox 920 4695 1109 4784; x_wconf 90' lang='lat' dir='ltr'><strong>adhortor,</strong></span> <span class='ocrx_word' id='word_1_447' title='bbox 1143 4713 1184 4770; x_wconf 91' lang='lat' dir='ltr'><strong>ut</strong></span> 
     </span>
     <span class='ocr_line' id='line_1_51' title="bbox 194 4801 1184 4899; baseline -0.008 -19"><span class='ocrx_word' id='word_1_448' title='bbox 194 4810 334 4881; x_wconf 77' lang='lat' dir='ltr'><strong>assidua</strong></span> <span class='ocrx_word' id='word_1_449' title='bbox 357 4807 561 4899; x_wconf 85' lang='lat' dir='ltr'><strong>precatione</strong></span> <span class='ocrx_word' id='word_1_450' title='bbox 585 4829 646 4873; x_wconf 91' lang='lat' dir='ltr'><strong>vos</strong></span> <span class='ocrx_word' id='word_1_451' title='bbox 669 4804 902 4890; x_wconf 78' lang='lat' dir='ltr'><strong>confirmetis,</strong></span> <span class='ocrx_word' id='word_1_452' title='bbox 926 4818 959 4874; x_wconf 86' lang='lat' dir='ltr'><strong>et</strong></span> <span class='ocrx_word' id='word_1_453' title='bbox 973 4801 1184 4894; x_wconf 89' lang='lat' dir='ltr'><strong>promissio-</strong></span> 
     </span>
     <span class='ocr_line' id='line_1_52' title="bbox 193 4904 1183 4997; baseline -0.008 -16"><span class='ocrx_word' id='word_1_454' title='bbox 193 4936 276 4982; x_wconf 89' lang='lat' dir='ltr'><strong>nem</strong></span> <span class='ocrx_word' id='word_1_455' title='bbox 306 4909 542 4978; x_wconf 89' lang='lat' dir='ltr'><strong>universalem</strong></span> <span class='ocrx_word' id='word_1_456' title='bbox 575 4908 619 4975; x_wconf 87' lang='lat' dir='ltr'><strong>ad</strong></span> <span class='ocrx_word' id='word_1_457' title='bbox 650 4930 713 4974; x_wconf 88' lang='lat' dir='ltr'><strong>vos</strong></span> <span class='ocrx_word' id='word_1_458' title='bbox 735 4908 911 4997; x_wconf 89' lang='lat' dir='ltr'><strong>pertinere</strong></span> <span class='ocrx_word' id='word_1_459' title='bbox 934 4906 1112 4990; x_wconf 86' lang='lat' dir='ltr'><strong>statuatis,</strong></span> <span class='ocrx_word' id='word_1_460' title='bbox 1144 4904 1183 4973; x_wconf 90' lang='lat' dir='ltr'><strong>in</strong></span> 
     </span>
     <span class='ocr_line' id='line_1_53' title="bbox 194 5008 1183 5106; baseline -0.005 -23"><span class='ocrx_word' id='word_1_461' title='bbox 194 5039 264 5106; x_wconf 85' lang='lat' dir='ltr'><strong>qua</strong></span> <span class='ocrx_word' id='word_1_462' title='bbox 281 5011 395 5082; x_wconf 82' lang='lat' dir='ltr'><strong>Filius</strong></span> <span class='ocrx_word' id='word_1_463' title='bbox 412 5011 478 5081; x_wconf 90' lang='lat' dir='ltr'><strong>Dei</strong></span> <span class='ocrx_word' id='word_1_464' title='bbox 503 5032 606 5077; x_wconf 88' lang='lat' dir='ltr'><strong>verax</strong></span> <span class='ocrx_word' id='word_1_465' title='bbox 630 5009 782 5096; x_wconf 83' lang='lat' dir='ltr'><strong>legatus,</strong></span> <span class='ocrx_word' id='word_1_466' title='bbox 809 5032 931 5081; x_wconf 79' lang='lat' dir='ltr'><strong>ornnes</strong></span> <span class='ocrx_word' id='word_1_467' title='bbox 953 5008 999 5078; x_wconf 86' lang='lat' dir='ltr'><strong>ad</strong></span> <span class='ocrx_word' id='word_1_468' title='bbox 1021 5029 1059 5077; x_wconf 85' lang='lat' dir='ltr'><strong>se</strong></span> <span class='ocrx_word' id='word_1_469' title='bbox 1081 5021 1183 5078; x_wconf 84' lang='lat' dir='ltr'><strong>vocat</strong></span> 
     </span>
     <span class='ocr_line' id='line_1_54' title="bbox 194 5107 785 5185; baseline -0.007 -1"><span class='ocrx_word' id='word_1_470' title='bbox 194 5116 395 5185; x_wconf 75' lang='lat' dir='ltr'><strong>laborantes</strong></span> <span class='ocrx_word' id='word_1_471' title='bbox 413 5125 447 5182; x_wconf 82' lang='lat' dir='ltr'><strong>et</strong></span> <span class='ocrx_word' id='word_1_472' title='bbox 463 5126 637 5183; x_wconf 86' lang='lat' dir='ltr'><strong>oneratos.</strong></span> <span class='ocrx_word' id='word_1_473' title='bbox 688 5107 785 5180; x_wconf 82' lang='lat' dir='ltr'><strong>Dixi.</strong></span> 
     </span>
    </p>
   </div>
   <div class='ocr_carea' id='block_1_15' title="bbox 1234 3107 2228 5447">
    <p class='ocr_par' dir='ltr' id='par_1_17' title="bbox 1234 3107 2228 5447">
     <span class='ocr_line' id='line_1_55' title="bbox 1237 3107 2223 3204; baseline 0 -26"><span class='ocrx_word' id='word_1_474' title='bbox 1237 3124 1308 3178; x_wconf 89' lang='lat' dir='ltr'><strong>stra</strong></span> <span class='ocrx_word' id='word_1_475' title='bbox 1336 3110 1548 3202; x_wconf 87' lang='lat' dir='ltr'><strong>comparatis</strong></span> <span class='ocrx_word' id='word_1_476' title='bbox 1576 3110 1762 3183; x_wconf 87' lang='lat' dir='ltr'><strong>exercitiis.</strong></span> <span class='ocrx_word' id='word_1_477' title='bbox 1813 3107 1947 3179; x_wconf 89' lang='lat' dir='ltr'><strong>Moveo</strong></span> <span class='ocrx_word' id='word_1_478' title='bbox 1976 3122 2097 3178; x_wconf 86' lang='lat' dir='ltr'><strong>antem</strong></span> <span class='ocrx_word' id='word_1_479' title='bbox 2117 3132 2223 3204; x_wconf 82' lang='lat' dir='ltr'><strong>quse-</strong></span> 
     </span>
     <span class='ocr_line' id='line_1_56' title="bbox 1237 3209 2224 3303; baseline -0.001 -22"><span class='ocrx_word' id='word_1_480' title='bbox 1237 3213 1389 3281; x_wconf 91' lang='lat' dir='ltr'><strong>stionem</strong></span> <span class='ocrx_word' id='word_1_481' title='bbox 1410 3214 1455 3281; x_wconf 91' lang='lat' dir='ltr'><strong>de</strong></span> <span class='ocrx_word' id='word_1_482' title='bbox 1477 3212 1602 3284; x_wconf 86' lang='lat' dir='ltr'><strong>usitata</strong></span> <span class='ocrx_word' id='word_1_483' title='bbox 1620 3211 1791 3303; x_wconf 88' lang='lat' dir='ltr'><strong>temporis</strong></span> <span class='ocrx_word' id='word_1_484' title='bbox 1807 3209 1922 3281; x_wconf 90' lang='lat' dir='ltr'><strong>nostri</strong></span> <span class='ocrx_word' id='word_1_485' title='bbox 1939 3223 1975 3279; x_wconf 91' lang='lat' dir='ltr'><strong>et</strong></span> <span class='ocrx_word' id='word_1_486' title='bbox 1988 3224 2137 3280; x_wconf 86' lang='lat' dir='ltr'><strong>nostrae</strong></span> <span class='ocrx_word' id='word_1_487' title='bbox 2148 3232 2224 3302; x_wconf 79' lang='lat' dir='ltr'><strong>gen·</strong></span> 
     </span>
     <span class='ocr_line' id='line_1_57' title="bbox 1237 3308 2223 3404; baseline -0.006 -20"><span class='ocrx_word' id='word_1_488' title='bbox 1237 3313 1283 3384; x_wconf 91' lang='lat' dir='ltr'><strong>tis</strong></span> <span class='ocrx_word' id='word_1_489' title='bbox 1312 3315 1579 3385; x_wconf 87' lang='lat' dir='ltr'><strong>consuetudine.</strong></span> <span class='ocrx_word' id='word_1_490' title='bbox 1641 3308 1701 3385; x_wconf 77' lang='lat' dir='ltr'><strong>An</strong></span> <span class='ocrx_word' id='word_1_491' title='bbox 1728 3327 1824 3383; x_wconf 90' lang='lat' dir='ltr'><strong>recte</strong></span> <span class='ocrx_word' id='word_1_492' title='bbox 1848 3312 1928 3396; x_wconf 88' lang='lat' dir='ltr'><strong>fiat,</strong></span> <span class='ocrx_word' id='word_1_493' title='bbox 1960 3314 2056 3404; x_wconf 91' lang='lat' dir='ltr'><strong>quod</strong></span> <span class='ocrx_word' id='word_1_494' title='bbox 2083 3311 2223 3404; x_wconf 86' lang='lat' dir='ltr'><strong>plurimi</strong></span> 
     </span>
     <span class='ocr_line' id='line_1_58' title="bbox 1235 3409 2223 3509; baseline 0.001 -26"><span class='ocrx_word' id='word_1_495' title='bbox 1235 3431 1319 3509; x_wconf 91' lang='lat' dir='ltr'><strong>post</strong></span> <span class='ocrx_word' id='word_1_496' title='bbox 1340 3416 1464 3506; x_wconf 87' lang='lat' dir='ltr'><strong>longas</strong></span> <span class='ocrx_word' id='word_1_497' title='bbox 1488 3417 1681 3485; x_wconf 90' lang='lat' dir='ltr'><strong>multorum</strong></span> <span class='ocrx_word' id='word_1_498' title='bbox 1703 3416 1842 3484; x_wconf 85' lang='lat' dir='ltr'><strong>dierum</strong></span> <span class='ocrx_word' id='word_1_499' title='bbox 1866 3409 2128 3500; x_wconf 84' lang='lat' dir='ltr'><strong>helluationes,</strong></span> <span class='ocrx_word' id='word_1_500' title='bbox 2151 3436 2223 3484; x_wconf 89' lang='lat' dir='ltr'><strong>cum</strong></span> 
     </span>
     <span class='ocr_line' id='line_1_59' title="bbox 1236 3516 2223 3610; baseline -0.003 -24"><span class='ocrx_word' id='word_1_501' title='bbox 1236 3541 1364 3610; x_wconf 88' lang='lat' dir='ltr'><strong>corpus</strong></span> <span class='ocrx_word' id='word_1_502' title='bbox 1388 3518 1515 3589; x_wconf 90' lang='lat' dir='ltr'><strong>tentari</strong></span> <span class='ocrx_word' id='word_1_503' title='bbox 1538 3517 1758 3587; x_wconf 80' lang='lat' dir='ltr'><strong>lltrxionibus</strong></span> <span class='ocrx_word' id='word_1_504' title='bbox 1780 3516 1959 3596; x_wconf 87' lang='lat' dir='ltr'><strong>sentiunt,</strong></span> <span class='ocrx_word' id='word_1_505' title='bbox 1984 3526 2021 3586; x_wconf 87' lang='lat' dir='ltr'><strong>et</strong></span> <span class='ocrx_word' id='word_1_506' title='bbox 2041 3516 2223 3607; x_wconf 85' lang='lat' dir='ltr'><strong>praecipue</strong></span> 
     </span>
     <span class='ocr_line' id='line_1_60' title="bbox 1236 3617 2223 3708; baseline -0.003 -19"><span class='ocrx_word' id='word_1_507' title='bbox 1236 3619 1402 3705; x_wconf 71' lang='lat' dir='ltr'><strong>catanis,</strong></span> <span class='ocrx_word' id='word_1_508' title='bbox 1433 3620 1589 3690; x_wconf 89' lang='lat' dir='ltr'><strong>remedia</strong></span> <span class='ocrx_word' id='word_1_509' title='bbox 1619 3621 1677 3687; x_wconf 90' lang='lat' dir='ltr'><strong>vel</strong></span> <span class='ocrx_word' id='word_1_510' title='bbox 1707 3643 1728 3688; x_wconf 90' lang='lat' dir='ltr'><strong>a</strong></span> <span class='ocrx_word' id='word_1_511' title='bbox 1758 3640 1867 3687; x_wconf 88' lang='lat' dir='ltr'><strong>venae</strong></span> <span class='ocrx_word' id='word_1_512' title='bbox 1896 3617 2103 3708; x_wconf 83' lang='lat' dir='ltr'><strong>apertione,</strong></span> <span class='ocrx_word' id='word_1_513' title='bbox 2136 3619 2223 3688; x_wconf 86' lang='lat' dir='ltr'><strong>vela</strong></span> 
     </span>
     <span class='ocr_line' id='line_1_61' title="bbox 1236 3718 2225 3812; baseline 0 -23"><span class='ocrx_word' id='word_1_514' title='bbox 1236 3722 1434 3793; x_wconf 86' lang='lat' dir='ltr'><strong>scarificatu</strong></span> <span class='ocrx_word' id='word_1_515' title='bbox 1474 3721 1583 3807; x_wconf 91' lang='lat' dir='ltr'><strong>cutis,</strong></span> <span class='ocrx_word' id='word_1_516' title='bbox 1636 3734 1672 3791; x_wconf 90' lang='lat' dir='ltr'><strong>ct</strong></span> <span class='ocrx_word' id='word_1_517' title='bbox 1709 3720 1828 3790; x_wconf 88' lang='lat' dir='ltr'><strong>effusis</strong></span> <span class='ocrx_word' id='word_1_518' title='bbox 1864 3718 2058 3789; x_wconf 90' lang='lat' dir='ltr'><strong>sudoribus</strong></span> <span class='ocrx_word' id='word_1_519' title='bbox 2096 3732 2225 3812; x_wconf 88' lang='lat' dir='ltr'><strong>petunt,</strong></span> 
     </span>
     <span class='ocr_line' id='line_1_62' title="bbox 1236 3822 2225 3914; baseline 0 -23"><span class='ocrx_word' id='word_1_520' title='bbox 1236 3847 1311 3892; x_wconf 91' lang='lat' dir='ltr'><strong>non</strong></span> <span class='ocrx_word' id='word_1_521' title='bbox 1339 3825 1447 3894; x_wconf 90' lang='lat' dir='ltr'><strong>semel</strong></span> <span class='ocrx_word' id='word_1_522' title='bbox 1475 3837 1581 3914; x_wconf 89' lang='lat' dir='ltr'><strong>atque</strong></span> <span class='ocrx_word' id='word_1_523' title='bbox 1608 3822 1738 3894; x_wconf 89' lang='lat' dir='ltr'><strong>iterum</strong></span> <span class='ocrx_word' id='word_1_524' title='bbox 1765 3822 1968 3901; x_wconf 85' lang='lat' dir='ltr'><strong>annuatim,</strong></span> <span class='ocrx_word' id='word_1_525' title='bbox 2002 3822 2065 3890; x_wconf 91' lang='lat' dir='ltr'><strong>sed</strong></span> <span class='ocrx_word' id='word_1_526' title='bbox 2089 3824 2225 3895; x_wconf 84' lang='lat' dir='ltr'><strong>creber·</strong></span> 
     </span>
     <span class='ocr_line' id='line_1_63' title="bbox 1236 3917 2228 4016; baseline -0.001 -22"><span class='ocrx_word' id='word_1_527' title='bbox 1236 3926 1338 3997; x_wconf 91' lang='lat' dir='ltr'><strong>rime.</strong></span> <span class='ocrx_word' id='word_1_528' title='bbox 1389 3925 1607 3998; x_wconf 85' lang='lat' dir='ltr'><strong>Rationibus</strong></span> <span class='ocrx_word' id='word_1_529' title='bbox 1627 3924 1795 3994; x_wconf 87' lang='lat' dir='ltr'><strong>videntur</strong></span> <span class='ocrx_word' id='word_1_530' title='bbox 1815 3923 1952 3992; x_wconf 83' lang='lat' dir='ltr'><strong>moveri</strong></span> <span class='ocrx_word' id='word_1_531' title='bbox 1971 3923 2028 3992; x_wconf 92' lang='lat' dir='ltr'><strong>illi</strong></span> <span class='ocrx_word' id='word_1_532' title='bbox 2045 3917 2108 3995; x_wconf 91' lang='lat' dir='ltr'><strong>his</strong></span> <span class='ocrx_word' id='word_1_533' title='bbox 2123 3925 2228 4016; x_wconf 84' lang='lat' dir='ltr'><strong>potis-</strong></span> 
     </span>
     <span class='ocr_line' id='line_1_64' title="bbox 1235 4023 2225 4122; baseline -0.002 -26"><span class='ocrx_word' id='word_1_534' title='bbox 1235 4029 1385 4107; x_wconf 88' lang='lat' dir='ltr'><strong>simum,</strong></span> <span class='ocrx_word' id='word_1_535' title='bbox 1412 4029 1507 4122; x_wconf 88' lang='lat' dir='ltr'><strong>qnod</strong></span> <span class='ocrx_word' id='word_1_536' title='bbox 1525 4026 1672 4119; x_wconf 89' lang='lat' dir='ltr'><strong>reprimi</strong></span> <span class='ocrx_word' id='word_1_537' title='bbox 1685 4049 1726 4095; x_wconf 90' lang='lat' dir='ltr'><strong>ac</strong></span> <span class='ocrx_word' id='word_1_538' title='bbox 1740 4024 1815 4094; x_wconf 91' lang='lat' dir='ltr'><strong>sisti</strong></span> <span class='ocrx_word' id='word_1_539' title='bbox 1831 4023 2072 4111; x_wconf 81' lang='lat' dir='ltr'><strong>defluxiones,</strong></span> <span class='ocrx_word' id='word_1_540' title='bbox 2097 4023 2225 4097; x_wconf 47' lang='lat' dir='ltr'><strong>et&#39;con-</strong></span> 
     </span>
     <span class='ocr_line' id='line_1_65' title="bbox 1235 4126 2225 4220; baseline -0.002 -21"><span class='ocrx_word' id='word_1_541' title='bbox 1235 4130 1329 4199; x_wconf 89' lang='lat' dir='ltr'><strong>sumi</strong></span> <span class='ocrx_word' id='word_1_542' title='bbox 1356 4143 1417 4200; x_wconf 86' lang='lat' dir='ltr'><strong>ant</strong></span> <span class='ocrx_word' id='word_1_543' title='bbox 1444 4129 1573 4199; x_wconf 89' lang='lat' dir='ltr'><strong>discuti</strong></span> <span class='ocrx_word' id='word_1_544' title='bbox 1599 4126 1755 4217; x_wconf 81' lang='lat' dir='ltr'><strong>congesti</strong></span> <span class='ocrx_word' id='word_1_545' title='bbox 1780 4127 1818 4195; x_wconf 94' lang='lat' dir='ltr'><strong>in</strong></span> <span class='ocrx_word' id='word_1_546' title='bbox 1844 4126 2001 4220; x_wconf 86' lang='lat' dir='ltr'><strong>aliquam</strong></span> <span class='ocrx_word' id='word_1_547' title='bbox 2026 4143 2169 4218; x_wconf 86' lang='lat' dir='ltr'><strong>partem</strong></span> <span class='ocrx_word' id='word_1_548' title='bbox 2190 4151 2225 4197; x_wconf 82' lang='lat' dir='ltr'><strong>er</strong></span> 
     </span>
     <span class='ocr_line' id='line_1_66' title="bbox 1235 4227 2224 4321; baseline -0.003 -21"><span class='ocrx_word' id='word_1_549' title='bbox 1235 4231 1368 4300; x_wconf 80' lang='lat' dir='ltr'><strong>aflluxu</strong></span> <span class='ocrx_word' id='word_1_550' title='bbox 1399 4227 1568 4301; x_wconf 87' lang='lat' dir='ltr'><strong>humores</strong></span> <span class='ocrx_word' id='word_1_551' title='bbox 1596 4228 1819 4300; x_wconf 88' lang='lat' dir='ltr'><strong>commodius</strong></span> <span class='ocrx_word' id='word_1_552' title='bbox 1849 4243 2045 4321; x_wconf 88' lang='lat' dir='ltr'><strong>nequeant,</strong></span> <span class='ocrx_word' id='word_1_553' title='bbox 2081 4231 2154 4301; x_wconf 87' lang='lat' dir='ltr'><strong>nisi</strong></span> <span class='ocrx_word' id='word_1_554' title='bbox 2178 4227 2224 4298; x_wconf 81' lang='lat' dir='ltr'><strong>vel</strong></span> 
     </span>
     <span class='ocr_line' id='line_1_67' title="bbox 1236 4323 2224 4426; baseline -0.001 -25"><span class='ocrx_word' id='word_1_555' title='bbox 1236 4333 1298 4426; x_wconf 87' lang='lat' dir='ltr'><strong>qni</strong></span> <span class='ocrx_word' id='word_1_556' title='bbox 1320 4333 1441 4421; x_wconf 85' lang='lat' dir='ltr'><strong>agitati</strong></span> <span class='ocrx_word' id='word_1_557' title='bbox 1463 4330 1630 4404; x_wconf 80' lang='lat' dir='ltr'><strong>&#39;seruntur</strong></span> <span class='ocrx_word' id='word_1_558' title='bbox 1654 4355 1719 4423; x_wconf 92' lang='lat' dir='ltr'><strong>per</strong></span> <span class='ocrx_word' id='word_1_559' title='bbox 1740 4331 1898 4399; x_wconf 89' lang='lat' dir='ltr'><strong>membra</strong></span> <span class='ocrx_word' id='word_1_560' title='bbox 1922 4323 2115 4419; x_wconf 87' lang='lat' dir='ltr'><strong>humores,</strong></span> <span class='ocrx_word' id='word_1_561' title='bbox 2152 4353 2224 4404; x_wconf 85' lang='lat' dir='ltr'><strong>cun</strong></span> 
     </span>
     <span class='ocr_line' id='line_1_68' title="bbox 1236 4429 2225 4529; baseline -0.003 -24"><span class='ocrx_word' id='word_1_562' title='bbox 1236 4435 1372 4505; x_wconf 91' lang='lat' dir='ltr'><strong>doloris</strong></span> <span class='ocrx_word' id='word_1_563' title='bbox 1394 4459 1499 4507; x_wconf 86' lang='lat' dir='ltr'><strong>sensu</strong></span> <span class='ocrx_word' id='word_1_564' title='bbox 1521 4435 1655 4505; x_wconf 88' lang='lat' dir='ltr'><strong>affatim</strong></span> <span class='ocrx_word' id='word_1_565' title='bbox 1682 4429 1955 4517; x_wconf 78' lang='lat' dir='ltr'><strong>exhauriantur,</strong></span> <span class='ocrx_word' id='word_1_566' title='bbox 1987 4434 2045 4502; x_wconf 89' lang='lat' dir='ltr'><strong>vel</strong></span> <span class='ocrx_word' id='word_1_567' title='bbox 2074 4436 2139 4522; x_wconf 90' lang='lat' dir='ltr'><strong>iis,</strong></span> <span class='ocrx_word' id='word_1_568' title='bbox 2170 4432 2225 4529; x_wconf 88' lang='lat' dir='ltr'><strong>qui</strong></span> 
     </span>
     <span class='ocr_line' id='line_1_69' title="bbox 1235 4534 2226 4631; baseline 0.001 -25"><span class='ocrx_word' id='word_1_569' title='bbox 1235 4560 1309 4606; x_wconf 90' lang='lat' dir='ltr'><strong>sese</strong></span> <span class='ocrx_word' id='word_1_570' title='bbox 1332 4538 1370 4606; x_wconf 92' lang='lat' dir='ltr'><strong>in</strong></span> <span class='ocrx_word' id='word_1_571' title='bbox 1394 4538 1547 4631; x_wconf 89' lang='lat' dir='ltr'><strong>aliquem</strong></span> <span class='ocrx_word' id='word_1_572' title='bbox 1572 4539 1690 4606; x_wconf 90' lang='lat' dir='ltr'><strong>locum</strong></span> <span class='ocrx_word' id='word_1_573' title='bbox 1711 4534 1924 4606; x_wconf 83' lang='lat' dir='ltr'><strong>infuderunt</strong></span> <span class='ocrx_word' id='word_1_574' title='bbox 1946 4547 1982 4604; x_wconf 92' lang='lat' dir='ltr'><strong>et</strong></span> <span class='ocrx_word' id='word_1_575' title='bbox 2005 4534 2226 4626; x_wconf 80' lang='lat' dir='ltr'><strong>ingesserunt</strong></span> 
     </span>
     <span class='ocr_line' id='line_1_70' title="bbox 1235 4624 2227 4731; baseline 0 -23"><span class='ocrx_word' id='word_1_576' title='bbox 1235 4624 1424 4725; x_wconf 84' lang='lat' dir='ltr'><strong>humores,</strong></span> <span class='ocrx_word' id='word_1_577' title='bbox 1456 4641 1598 4731; x_wconf 86' lang='lat' dir='ltr'><strong>patefiat</strong></span> <span class='ocrx_word' id='word_1_578' title='bbox 1621 4637 1754 4720; x_wconf 86' lang='lat' dir='ltr'><strong>exitus,</strong></span> <span class='ocrx_word' id='word_1_579' title='bbox 1776 4636 1898 4706; x_wconf 87' lang='lat' dir='ltr'><strong>incisis</strong></span> <span class='ocrx_word' id='word_1_580' title='bbox 1922 4635 1996 4703; x_wconf 91' lang='lat' dir='ltr'><strong>cuti</strong></span> <span class='ocrx_word' id='word_1_581' title='bbox 2018 4638 2227 4729; x_wconf 87' lang='lat' dir='ltr'><strong>patentiori·</strong></span> 
     </span>
     <span class='ocr_line' id='line_1_71' title="bbox 1234 4733 2225 4822; baseline 0.001 -10"><span class='ocrx_word' id='word_1_582' title='bbox 1234 4743 1302 4812; x_wconf 81' lang='lat' dir='ltr'><strong>bru</strong></span> <span class='ocrx_word' id='word_1_583' title='bbox 1323 4740 1561 4811; x_wconf 88' lang='lat' dir='ltr'><strong>foraminibus</strong></span> <span class='ocrx_word' id='word_1_584' title='bbox 1583 4739 1798 4822; x_wconf 86' lang='lat' dir='ltr'><strong>scarificatu,</strong></span> <span class='ocrx_word' id='word_1_585' title='bbox 1821 4751 1856 4808; x_wconf 87' lang='lat' dir='ltr'><strong>et</strong></span> <span class='ocrx_word' id='word_1_586' title='bbox 1877 4733 2100 4812; x_wconf 85' lang='lat' dir='ltr'><strong>adhibeatur</strong></span> <span class='ocrx_word' id='word_1_587' title='bbox 2121 4739 2225 4812; x_wconf 80' lang='lat' dir='ltr'><strong>suetis</strong></span> 
     </span>
     <span class='ocr_line' id='line_1_72' title="bbox 1235 4837 2226 4935; baseline 0.003 -23"><span class='ocrx_word' id='word_1_588' title='bbox 1235 4845 1518 4929; x_wconf 87' lang='lat' dir='ltr'><strong>cucurbitarum,</strong></span> <span class='ocrx_word' id='word_1_589' title='bbox 1550 4866 1619 4935; x_wconf 88' lang='lat' dir='ltr'><strong>qua</strong></span> <span class='ocrx_word' id='word_1_590' title='bbox 1642 4837 1981 4915; x_wconf 81' lang='lat' dir='ltr'><strong>circumfusaetiam</strong></span> <span class='ocrx_word' id='word_1_591' title='bbox 2003 4837 2226 4915; x_wconf 77' lang='lat' dir='ltr'><strong>attrahantur</strong></span> 
     </span>
     <span class='ocr_line' id='line_1_73' title="bbox 1235 4939 2227 5037; baseline -0.001 -22"><span class='ocrx_word' id='word_1_592' title='bbox 1235 4960 1269 5016; x_wconf 91' lang='lat' dir='ltr'><strong>et</strong></span> <span class='ocrx_word' id='word_1_593' title='bbox 1292 4960 1500 5037; x_wconf 80' lang='lat' dir='ltr'><strong>erogantur.</strong></span> <span class='ocrx_word' id='word_1_594' title='bbox 1551 4939 1599 5012; x_wconf 80' lang='lat' dir='ltr'><strong>Et</strong></span> <span class='ocrx_word' id='word_1_595' title='bbox 1617 4941 1816 5034; x_wconf 83' lang='lat' dir='ltr'><strong>refrigerari</strong></span> <span class='ocrx_word' id='word_1_596' title='bbox 1836 4940 1938 5013; x_wconf 88' lang='lat' dir='ltr'><strong>aiunt</strong></span> <span class='ocrx_word' id='word_1_597' title='bbox 1953 4954 2064 5036; x_wconf 85' lang='lat' dir='ltr'><strong>atque</strong></span> <span class='ocrx_word' id='word_1_598' title='bbox 2081 4947 2128 5017; x_wconf 82' lang='lat' dir='ltr'><strong>ad</strong></span> <span class='ocrx_word' id='word_1_599' title='bbox 2146 4957 2227 5017; x_wconf 81' lang='lat' dir='ltr'><strong>tem-</strong></span> 
     </span>
     <span class='ocr_line' id='line_1_74' title="bbox 1236 5044 2228 5139; baseline -0.003 -23"><span class='ocrx_word' id='word_1_600' title='bbox 1236 5047 1370 5139; x_wconf 90' lang='lat' dir='ltr'><strong>periem</strong></span> <span class='ocrx_word' id='word_1_601' title='bbox 1394 5046 1517 5117; x_wconf 86' lang='lat' dir='ltr'><strong>reduci</strong></span> <span class='ocrx_word' id='word_1_602' title='bbox 1540 5044 1799 5115; x_wconf 85' lang='lat' dir='ltr'><strong>inflammatum</strong></span> <span class='ocrx_word' id='word_1_603' title='bbox 1821 5044 1909 5115; x_wconf 87' lang='lat' dir='ltr'><strong>vino</strong></span> <span class='ocrx_word' id='word_1_604' title='bbox 1930 5067 2085 5136; x_wconf 89' lang='lat' dir='ltr'><strong>corpus,</strong></span> <span class='ocrx_word' id='word_1_605' title='bbox 2111 5048 2144 5116; x_wconf 92' lang='lat' dir='ltr'><strong>si</strong></span> <span class='ocrx_word' id='word_1_606' title='bbox 2157 5067 2228 5118; x_wconf 82' lang='lat' dir='ltr'><strong>san·</strong></span> 
     </span>
     <span class='ocr_line' id='line_1_75' title="bbox 1235 5143 2227 5242; baseline 0.002 -25"><span class='ocrx_word' id='word_1_607' title='bbox 1235 5150 1353 5239; x_wconf 89' lang='lat' dir='ltr'><strong>guinis</strong></span> <span class='ocrx_word' id='word_1_608' title='bbox 1370 5172 1453 5241; x_wconf 90' lang='lat' dir='ltr'><strong>pars</strong></span> <span class='ocrx_word' id='word_1_609' title='bbox 1467 5149 1586 5242; x_wconf 90' lang='lat' dir='ltr'><strong>aliqua</strong></span> <span class='ocrx_word' id='word_1_610' title='bbox 1603 5147 1793 5217; x_wconf 85' lang='lat' dir='ltr'><strong>auferatur.</strong></span> <span class='ocrx_word' id='word_1_611' title='bbox 1844 5143 1914 5216; x_wconf 88' lang='lat' dir='ltr'><strong>Sed</strong></span> <span class='ocrx_word' id='word_1_612' title='bbox 1929 5145 2059 5218; x_wconf 84' lang='lat' dir='ltr'><strong>fallere</strong></span> <span class='ocrx_word' id='word_1_613' title='bbox 2072 5143 2172 5221; x_wconf 82' lang='lat' dir='ltr'><strong>mibi</strong></span> <span class='ocrx_word' id='word_1_614' title='bbox 2184 5159 2227 5219; x_wconf 86' lang='lat' dir='ltr'><strong>st·</strong></span> 
     </span>
     <span class='ocr_line' id='line_1_76' title="bbox 1236 5238 2227 5345; baseline 0.001 -25"><span class='ocrx_word' id='word_1_615' title='bbox 1236 5275 1305 5345; x_wconf 91' lang='lat' dir='ltr'><strong>que</strong></span> <span class='ocrx_word' id='word_1_616' title='bbox 1328 5253 1492 5321; x_wconf 84' lang='lat' dir='ltr'><strong>aberrare</strong></span> <span class='ocrx_word' id='word_1_617' title='bbox 1512 5275 1531 5319; x_wconf 91' lang='lat' dir='ltr'><strong>a</strong></span> <span class='ocrx_word' id='word_1_618' title='bbox 1554 5273 1639 5320; x_wconf 91' lang='lat' dir='ltr'><strong>vero</strong></span> <span class='ocrx_word' id='word_1_619' title='bbox 1659 5243 1726 5318; x_wconf 88' lang='lat' dir='ltr'><strong>hac</strong></span> <span class='ocrx_word' id='word_1_620' title='bbox 1749 5238 1905 5318; x_wconf 75' lang='lat' dir='ltr'><strong>rationes</strong></span> <span class='ocrx_word' id='word_1_621' title='bbox 1919 5247 2101 5323; x_wconf 88' lang='lat' dir='ltr'><strong>videntur</strong></span> <span class='ocrx_word' id='word_1_622' title='bbox 2114 5242 2227 5323; x_wconf 86' lang='lat' dir='ltr'><strong>multi·</strong></span> 
     </span>
     <span class='ocr_line' id='line_1_77' title="bbox 1235 5347 2227 5447; baseline 0.005 -24"><span class='ocrx_word' id='word_1_623' title='bbox 1235 5353 1386 5447; x_wconf 85' lang='lat' dir='ltr'><strong>pliciter.</strong></span> <span class='ocrx_word' id='word_1_624' title='bbox 1437 5351 1526 5425; x_wconf 81' lang='lat' dir='ltr'><strong>Fere</strong></span> <span class='ocrx_word' id='word_1_625' title='bbox 1548 5351 1662 5439; x_wconf 91' lang='lat' dir='ltr'><strong>enim,</strong></span> <span class='ocrx_word' id='word_1_626' title='bbox 1685 5349 1749 5446; x_wconf 90' lang='lat' dir='ltr'><strong>qui</strong></span> <span class='ocrx_word' id='word_1_627' title='bbox 1769 5374 1811 5421; x_wconf 87' lang='lat' dir='ltr'><strong>ex</strong></span> <span class='ocrx_word' id='word_1_628' title='bbox 1825 5347 1981 5444; x_wconf 86' lang='lat' dir='ltr'><strong>crapulis</strong></span> <span class='ocrx_word' id='word_1_629' title='bbox 2000 5376 2045 5424; x_wconf 82' lang='lat' dir='ltr'><strong>ac</strong></span> <span class='ocrx_word' id='word_1_630' title='bbox 2061 5373 2227 5427; x_wconf 70' lang='lat' dir='ltr'><strong>corcram¹</strong></span> 
     </span>
    </p>
   </div>
   <div class='ocr_carea' id='block_1_16' title="bbox 0 0 2280 5760">
    <p class='ocr_par' dir='ltr' id='par_1_18' title="bbox 0 0 2280 5760">
     <span class='ocr_line' id='line_1_78' title="bbox 0 0 2280 5760; baseline 0 0"><span class='ocrx_word' id='word_1_631' title='bbox 0 0 2280 5760; x_wconf 95' lang='lat' dir='ltr'><strong> </strong></span> 
     </span>
    </p>
   </div>
  </div>
 </body>
</html>
