4552 5766
109 177 191 259 „a
694 153 1122 254 ouarsrrouns
1152 156 1558 245 aetneutcau
2076 158 2151 235 aaa

113 356 212 435 pm
225 348 343 445 spargi
356 360 420 439 par
431 353 526 419 carta
543 338 634 420 loca,
656 336 756 435 qarod
767 360 853 411 cum
866 335 925 421 lit,
950 334 1027 405 loca
1043 333 1106 404 illa
1155 358 1306 428 poenas,
1328 358 1536 406 moveamur
1550 335 1702 427 proximi
1716 349 1836 409 terrae
1849 350 1971 410 motus
1983 336 2151 408 recorda·

116 458 269 551 impulsa
287 451 324 520 vi
339 445 518 518 halituunr
536 454 697 512 tremere.
737 435 887 510 Constat
900 437 995 507 enirn
1013 432 1108 506 hali'·
1156 439 1276 524 tione,
1298 437 1362 531 qui
1386 450 1499 509 totam
1519 460 1619 507 oram
1643 439 1693 509 ab
1712 436 1886 511 Hareinia
1911 441 1958 509 ad
1976 435 2155 510 Dreadam

117 575 219 632 tuum
241 556 382 648 plenam
403 570 477 618 esse
499 557 649 627 terram,
673 555 709 611 et
726 540 903 629 mugitus,
927 537 990 631 qasi
1005 538 1109 609 audi·
1156 540 1353 624 concussit,
1378 552 1420 609 ut
1433 537 1625 609 excitemus
1643 564 1712 611 nos
1727 541 1777 611 ad·
1793 540 2059 617 invocationem
2071 533 2156 622 Dei,

118 676 178 735 tur
200 659 240 735 in
260 671 374 728 terrac
395 663 514 726 motu,
547 644 690 733 signum
718 655 770 713 est
792 641 1021 714 volitantium
1043 641 1110 710 fla-
1158 654 1193 715 et
1214 640 1398 713 adomnia
1422 639 1478 732 pia
1502 640 1688 729 exercitia,
1711 655 1747 714 et
1768 655 1931 735 petamus
1951 667 1975 713 a
1993 639 2072 713 filio
2083 639 2156 713 Dei

121 778 240 846 tuum,
264 757 356 828 sicut
381 749 500 845 inquit
513 744 701 834 Virgilius:
1159 743 1417 833 mitigationem
1433 765 1640 833 poenarum.

114 930 126 950 ¹,
220 864 287 930 Sub
302 864 428 947 pedibus
441 860 558 938 mugire
571 858 691 932 solum,
715 857 788 936 iuga
801 856 880 916 celsa
895 853 1023 916 moveri.
1234 867 1281 931 T,
1296 881 1416 929 mm
1431 888 1549 950 ΜΝ
1562 883 1699 932 „mm
1714 867 1846 932 Mul,
1859 865 1992 947 cmg,

121 962 169 1038 Et
187 963 272 1056 quia
289 955 329 1030 hi
348 953 481 1028 halitus
503 965 617 1022 terrae
636 963 772 1020 meatus
793 948 1027 1042 patefaciunt,
1051 944 1111 1014 in·
1314 969 1505 1054 pumma,
1519 973 1579 1051 ἱρή
1596 993 1654 1034 ,0,
1669 985 1722 1034 m
1734 973 1840 1034 dm„
1853 983 1949 1054 ,ega

122 1069 262 1140 leffium
285 1075 320 1132 ei
341 1080 433 1153 ’ΨΜ
457 1051 671 1131 effunditur,
700 1050 802 1122 ‘⁰5⁰⁸
823 1075 898 1121 ¹¹⁰³
927 1063 979 1120 ⁸⁸1
1012 1061 1111 1120 ΨΜ
1237 1068 1313 1134 Tres
1327 1076 1410 1135 velut
1424 1077 1459 1144 in
1472 1076 1694 1138 flammatestoa
1708 1071 1899 1157 Babylonide
1913 1092 2025 1150 sewu,

122 1167 223 1257 copia
244 1165 283 1232 in
303 1157 440 1251 magnis
464 1154 665 1234 montibus,
696 1165 738 1224 ut
759 1151 916 1246 potuerit
943 1173 1004 1222 eos
1024 1173 1112 1220 con·
1313 1172 1384 1238 11„
1398 1177 1451 1236 „gp
1464 1188 1650 1258 Pmm
1665 1190 1695 1238 ta
1707 1176 1789 1240 ἤδη
1803 1198 1868 1240 ω
1880 1172 1993 1240 Dm

123 1281 251 1344 ‘mm'
626 1354 636 1374 ·
900 1354 943 1378 ..
1082 1318 1109 1373 .'
1604 1285 1702 1365 Dixi.

224 1365 322 1439 Haec
346 1366 390 1434 de
411 1382 514 1432 causa
534 1377 734 1451 propinqus
755 1367 851 1426 recte
873 1355 943 1428 drcr
963 1357 1009 1427 ab
1027 1348 1113 1425 Arr-

124 1471 247 1544 stotele
260 1470 443 1538 fateamur.
494 1459 565 1531 sed
582 1482 662 1529 casu
679 1472 833 1530 netanta
846 1458 994 1531 flatuum
1011 1455 1112 1547 copia
1163 1504 1794 1525 ...mm
2056 1502 2155 1526 4„-

123 1577 163 1647 in
183 1596 289 1643 ranam
305 1568 485 1658 regionem
503 1559 696 1652 incumbit,
721 1578 761 1631 ut
778 1575 965 1632 concutere
981 1575 1112 1642 terram

124 1673 259 1771 possit?
292 1668 424 1741 Verum
445 1680 499 1738 est
521 1663 617 1757 quod
639 1665 772 1734 Seneca
794 1661 897 1733 dicit:
924 1657 1057 1733 Omnis
1075 1661 1113 1728 in
1176 1646 1245 1723 No.
1260 1643 1324 1723 56.
1363 1718 1366 1723 ,
1903 1657 1957 1722 29.
1977 1656 2044 1721 laa.
2061 1655 2157 1723 1554.

123 1779 207 1868 iuga
232 1785 359 1843 ventus
381 1782 451 1854 est,
488 1766 719 1837 concedamus
743 1787 806 1834 sua
831 1777 958 1834 natnra
982 1759 1113 1833 halitus
1168 1744 1341 1774 *Ν
1925 1748 2141 1785 ⁹⁸¹⁹

125 1880 285 1950 volucres
308 1887 342 1943 et
365 1870 547 1943 instabiles
567 1891 657 1936 esse:
694 1867 756 1934 sed
777 1866 875 1935 unde
895 1879 993 1936 tanta
1013 1862 1114 1955 copia
1232 1861 1265 1918 1¹¹
1280 1860 1571 1937 Quaerapttsaqq.
1607 1861 1718 1919 trenta
1733 1860 1838 1923 ὒοιιιίῑ.
1857 1865 1889 1926 t’.
1904 1862 1940 1921 11.
1953 1883 1982 1936 p.
1995 1863 2056 1920 tat.

114 1976 190 2066 est,
210 1992 244 2049 et
258 1989 377 2047 tantus
389 1973 551 2063 impetus,
575 1984 614 2038 ut
629 1966 716 2037 alias
731 1967 800 2037 alia
815 1968 891 2036 loca
906 1965 1114 2037 concutian-

127 2082 210 2156 tnri
234 2077 305 2149 Hic
326 2071 473 2144 haerent
497 2065 656 2163 physici,
689 2082 723 2139 et
747 2069 930 2139 latendum
952 2080 1023 2152 est,
1048 2052 1115 2137 hos
1165 2024 1345 2108 ⁰¹⁴⁰⁶⁶V⁰
1384 2027 1578 2119 mmm
1611 2015 1665 2090 D·
1701 2027 1903 2096 'imici’
1926 2019 2158 2114 smnus

126 2200 298 2258 tremores
324 2175 485 2265 prodigia
513 2195 603 2255 esse,
637 2194 729 2264 qnae
758 2170 848 2239 fiunt
875 2170 1048 2240 divinitus
1069 2169 1114 2238 ad
1165 2120 1495 2243 ⁰⁰⁰i⁰ff„m⁰i·t
1541 2122 1608 2200 ῃ·
1632 2129 1792 2197 stimi·
1819 2123 1929 2238 {554-
1955 2147 1981 2198 ⁰
2008 2128 2158 2199 Paeto

124 2280 491 2357 commonefaciendus
523 2270 685 2344 homines
715 2274 760 2341 de
795 2272 955 2341 venturis
978 2272 1114 2363 poenis.
1583 2224 1734 2300 Vim·

128 2385 301 2459 Fortassis
323 2394 356 2451 et
378 2379 496 2473 aliqua
520 2376 554 2444 vi
577 2375 758 2445 stellarum
782 2388 956 2462 augentur
973 2368 1116 2456 halitus,
1167 2358 1518 2445 convenientissima
1552 2387 1602 2444 est
1634 2367 1720 2445 huic
1747 2392 1888 2447 nostrae
1912 2379 2018 2450 aetati
2044 2379 2161 2451 virtue

129 2503 166 2562 et
204 2483 408 2557 accenditur
438 2481 617 2570 impetus,
656 2491 696 2546 ut
736 2472 945 2546 Aristoteles
982 2474 1115 2568 inquit:
1168 2476 1398 2560 verecundia,
1424 2477 1696 2569 quaeestquasi
1713 2476 1894 2549 nutricula
1914 2479 2067 2551 „flamm
2083 2478 2160 2550 vap.

127 2587 288 2682 Eclipses
303 2584 397 2656 Solis
412 2597 446 2653 et
463 2580 583 2650 Lunae
598 2580 734 2647 adferre
750 2592 863 2648 terrae
878 2590 1006 2651 motus.
1039 2573 1130 2647 Ad··
1168 2589 1295 2649 tutum.
1346 2574 1470 2670 Neque
1492 2578 1587 2646 enim
1609 2577 1703 2649 flecti
1724 2581 1769 2648 ad
1785 2581 2067 2653 moderationem
2085 2581 2161 2653 ulla

129 2694 238 2782 iunga
261 2701 295 2758 et
318 2686 414 2755 diras
435 2682 572 2775 aliquas
594 2680 862 2750 coniunctiones
878 2676 1117 2748 planetarum.
1167 2680 1205 2748 in
1220 2691 1320 2771 parte
1336 2672 1531 2748 honestatis
1548 2681 1725 2770 potestis,
1750 2679 1814 2774 qni
1836 2706 1911 2751 non
1927 2696 2113 2754 reveretur
2125 2698 2160 2755 et

90 2808 95 2818 ,
126 2793 359 2866 Concrescunt
382 2785 476 2854 enim
503 2777 587 2852 haec
612 2784 723 2870 signa.
775 2776 823 2849 Et
847 2780 953 2851 simul
976 2782 1118 2849 denun—
1167 2780 1372 2869 magnifacit
1389 2781 1566 2865 virorum,
1591 2795 1721 2862 aetate,
1746 2783 1918 2872 sapientia
1939 2798 1975 2855 et
1994 2779 2160 2855 authori·

131 2897 228 2966 ciant
246 2911 390 2980 magnas
412 2885 637 2956 calamitates.
690 2879 860 2974 Exempla
884 2882 922 2951 in
941 2882 1118 2952 veteribus
1168 2896 1237 2954 tate
1254 2882 1507 2972 praeditorum,
1534 2883 1669 2951 monita
1686 2884 1882 2955 acindicia.
1932 2880 2026 2956 Eam
2044 2887 2161 2956 virtu.

131 2994 291 3068 historiis
320 2991 453 3082 ubique
477 2987 581 3058 obvia
602 2998 710 3060 sunt*
757 2981 804 3054 Et
825 2986 921 3077 quod
948 2981 1118 3073 Virgilius
1169 2999 1239 3053 tem
1259 3006 1342 3055 cum
1362 2983 1524 3076 quotidie
1547 2982 1638 3053 veris
1658 2985 1827 3056 laudibus
1847 2985 1953 3056 nobis
1976 3010 2162 3058 commen-

132 3099 267 3194 inquit:
290 3092 447 3165 lnsolitis
460 3102 681 3160 tremuerunt
694 3087 852 3157 motibus
863 3086 985 3177 Alpes.
1019 3083 1118 3155 ldem
1169 3083 1247 3154 clari
1268 3083 1432 3168 audiam,
1456 3097 1491 3154 et
1504 3084 1620 3154 colere
1634 3088 1816 3171 studeam,
1841 3083 2011 3159 nonnihil
2027 3104 2161 3175 metuo,

127 3201 259 3272 accidit
274 3210 355 3267 ante
377 3217 491 3263 annos
512 3190 724 3270 octodecim,
749 3189 956 3282 priusquam
968 3184 1119 3257 Carolus
1169 3211 1215 3257 ne
1229 3186 1268 3255 in
1281 3185 1519 3277 suspicionem
1534 3184 1617 3257 vicii
1631 3189 1823 3278 pugnantis
1844 3213 1926 3263 eum
1946 3184 2016 3262 hac
2028 3190 2162 3264 victura

125 3297 479 3375 duceretexercitnm
495 3293 530 3360 in
547 3288 991 3363 GalliamNarbonenaern
1025 3285 1119 3357 Ante
1169 3289 1264 3379 apud
1279 3311 1342 3357 vos
1357 3287 1532 3368 incidam,
1552 3290 1652 3381 quod
1671 3283 1741 3360 hnc
1757 3290 1795 3358 in
1809 3306 2010 3366 consessum
2027 3292 2163 3381 gravis.

133 3426 248 3476 annos
268 3413 398 3491 septem
421 3409 456 3468 et
478 3394 621 3485 viginti,
654 3405 843 3486 antequam
860 3389 972 3461 Turci
989 3386 1118 3459 Albam
1169 3391 1341 3461 simorum
1358 3402 1392 3458 et
1413 3389 1699 3461 doctissimorum
1715 3390 1874 3477 virorum
1896 3393 2001 3465 toties
2016 3396 2162 3487 pmdeo.

132 3529 290 3598 graecam
307 3509 492 3591 ceperunt,
516 3510 590 3567 toto
606 3496 726 3565 triduo
741 3493 870 3564 vicinia
885 3491 1120 3573 illatremuit,
1169 3489 1241 3563 Sed
1256 3489 1436 3561 excusabit
1450 3514 1506 3560 me
1522 3490 1617 3581 apud
1634 3515 1698 3561 vos
1712 3487 1854 3565 scholae
1870 3494 2103 3579 consuetude,
2127 3502 2162 3567 e‘t

133 3608 290 3683 etmulta
305 3601 462 3672 aedilicia
478 3599 631 3688 collapsa
648 3612 743 3670 sunt.
796 3590 890 3667 Ante
905 3594 1038 3664 bellum
1052 3589 1120 3661 Pe·
1170 3617 1315 3672 eorum,
1350 3614 1503 3684 quorum
1533 3591 1696 3685 potestati
1725 3594 1848 3665 divina
1877 3596 1955 3686 lege
1982 3597 2162 3669 subiectus

133 3707 422 3801 loponnesiacum
438 3700 718 3771 Laconicaadeo
736 3696 944 3767 terribiliter
959 3708 1120 3788 qrramata
1171 3718 1268 3778 sum,
1298 3688 1515 3779 authoritas,
1548 3719 1656 3786 quam
1689 3696 1855 3786 defugere
1887 3698 2162 3781 corrtnmaciter,

133 3828 185 3885 est
198 3801 311 3883 terrae
326 3819 435 3886 motu,
458 3817 499 3873 ut
514 3815 586 3873 tota
602 3801 732 3890 oppida
747 3799 956 3881 corruerint,
976 3794 1120 3867 etmulti
1173 3795 1333 3886 impietas
1361 3807 1461 3865 esset.
1512 3792 1594 3864 Non
1623 3807 1742 3865 autem
1772 3799 1895 3870 aetatis
1925 3815 2068 3870 nostrae
2096 3800 2163 3872 lert

133 3909 297 3983 homines
311 3906 426 3980 ruinis
441 3902 598 3994 oppressi
614 3902 697 3973 sint.
745 3899 840 3970 Ante
855 3922 1010 3991 pugnam
1023 3896 1121 3967 Leu-
1171 3897 1413 3982 imbecillitas,
1438 3896 1621 3990 inquirere
1634 3920 1756 3968 causes
1771 3893 1878 3970 huius
1890 3902 2026 3991 publici
2040 3903 2163 3980 moris,

108 4080 112 4089 ,
133 4016 277 4087 ctricam
298 4009 444 4080 biennio
466 4003 574 4075 Buris
593 4018 628 4074 ct
651 4000 775 4072 Helice
798 4016 913 4073 terrac
935 4013 1034 4069 motu
1058 4000 1123 4067 ab·
1171 4022 1237 4066 cur
1250 3998 1288 4066 in
1303 3993 1360 4067 his
1373 3999 1554 4072 seniorum
1569 3999 1835 4088 congressibus,
1860 4002 1967 4072 etiarn
1983 4003 2106 4093 pneris
2117 4004 2162 4075 ad

134 4131 273 4210 sorptae
294 4126 385 4182 sunt.
444 4105 641 4197 Eutropius
665 4103 809 4188 scribit,
841 4103 1003 4194 proximo
1025 4123 1121 4169 anno
1171 4101 1362 4169 dicendum
1379 4101 1478 4171 lucus
1489 4100 1618 4193 aliquis
1632 4101 1680 4171 eit
1701 4101 1905 4175 attributus.
1960 4102 2163 4174 Verisimile

132 4234 211 4312 post
227 4215 330 4287 Pauli
349 4209 512 4304 Apostoli
528 4233 669 4290 necem,
695 4221 808 4276 terrae
826 4217 924 4274 rnotu
939 4204 1121 4293 absorptat
1172 4216 1291 4272 tamen
1307 4215 1380 4285 est„
1393 4201 1545 4272 maiores
1559 4215 1700 4273 nostros
1716 4204 1870 4274 voluisse
1885 4199 1941 4276 his
1956 4206 2164 4298 spectaculis

128 4325 209 4389 'esse
233 4315 444 4388 Laodiceam
468 4324 503 4380 et
525 4307 706 4392 Colossae,
749 4306 882 4399 inquo
908 4304 1123 4393 exemploet
1172 4305 1363 4372 accendere
1388 4302 1426 4369 in
1448 4317 1570 4374 nostra
1588 4317 1700 4375 aetate
1714 4305 1987 4381 admirationem
2009 4321 2045 4377 et
2063 4332 2164 4378 amo·

40 4446 45 4462 ·
134 4445 247 4515 poena
264 4412 698 4508 conspicitur'impiorurn,
724 4409 785 4502 qni
804 4405 907 4478 Pauli
924 4405 1121 4474 doctrinam
1172 4429 1247 4474 rern
1259 4400 1388 4473 horum
1409 4405 1631 4491 studiorum,
1656 4431 1746 4499 quae
1760 4402 1940 4479 Ecclesiae
1952 4409 2021 4480 Dei
2041 4433 2163 4482 neces-

132 4522 312 4615 aspernati
332 4521 489 4592 lucrant,
522 4527 558 4584 et
579 4511 788 4601 significatio
810 4510 1009 4580 futurarum
1028 4507 1123 4575 cala-
1171 4506 1265 4576 saria
1282 4519 1374 4574 sunt.
1973 4531 1977 4538 -

133 4624 297 4695 miletum
312 4618 419 4693 Asiae
433 4616 589 4706 vicinae,
611 4629 645 4685 et
659 4613 846 4694 saeviciae,
872 4635 978 4706 quarn
993 4607 1123 4679 Domi-
1274 4605 1454 4678 Videntur
1475 4607 1580 4679 etiam
1603 4602 1670 4679 hoc
1693 4604 1860 4682 habuisse
1881 4610 2095 4701 consilium,
2127 4628 2165 4687 ut

134 4728 255 4800 tianus
275 4724 313 4792 in
334 4747 374 4792 ea
393 4723 467 4812 ipsa
483 4717 581 4788 orbis
601 4729 701 4808 parte
716 4714 889 4793 exercuit,
914 4734 995 4781 cum
1012 4724 1047 4781 et
1064 4706 1123 4779 lo-
1171 4709 1355 4800 productis
1376 4708 1494 4801 pueris
1513 4710 1551 4779 in
1573 4703 1639 4780 hos
1654 4725 1794 4798 coetus,
1818 4712 1883 4810 ubi
1899 4706 2056 4785 honam
2077 4740 2164 4787 ωῃ.

123 4823 290 4903 hannem
320 4847 441 4895 senem
463 4820 674 4913 Apostolum
704 4819 847 4886 exulare
870 4813 995 4903 coligit.
1051 4811 1122 4885 Sed
1171 4812 1337 4882 feruntur
1360 4812 1522 4882 doctrina
1542 4814 1803 4903 praestantibus
1819 4815 1925 4898 viris,
1949 4816 2111 4890 seniores
2126 4831 2166 4891 et

133 4929 259 5027 plenae
274 4940 358 4998 sunt
371 4910 542 4995 historiae
552 4920 806 5011 exemplorum.
1172 4912 1348 4983 doctiores
1369 4912 1408 4981 in
1424 4909 1580 4982 Ecclesia
1597 4915 1643 4982 de
1660 4915 1834 4987 modestia
1855 4917 2110 5005 admonerent,
2131 4934 2165 4992 et

119 5078 124 5088 ι
234 5028 339 5101 Nunc
357 5027 551 5098 clarissime
564 5021 720 5097 Domine
733 5017 885 5102 Ductor,
907 5018 977 5088 iam
998 5030 1123 5088 ornate
1171 5016 1299 5086 iisdem
1313 5014 1418 5085 etiam
1434 5029 1591 5084 nostram
1605 5010 1698 5087 hanc
1711 5018 1888 5088 infirmam
1902 5032 2054 5089 semem
2069 5046 2164 5092 conr-

119 5128 330 5222 ‚honorifico
347 5127 562 5208 testimonio,
586 5138 656 5196 ate
669 5137 762 5216 peto,
790 5134 830 5193 ut
844 5119 952 5191 latius
966 5121 1123 5208 disputes
1171 5119 1399 5199 mendarent,
1430 5137 1538 5209 quac,
1573 5117 1663 5187 sicut
1686 5133 1739 5190 est
1765 5121 1860 5190 bona
1883 5142 1967 5211 pars
1987 5117 2166 5194 Ecclesiae

122 5237 179 5307 de
194 5229 260 5305 hac
276 5230 499 5325 quaestione,
524 5252 565 5299 ac
579 5226 803 5302 auditoribus
816 5245 990 5310 exponas,
1012 5244 1122 5316 quare
1171 5215 1259 5300 Dei,
1279 5217 1429 5306 negligi,
1454 5231 1490 5288 et
1511 5242 1617 5309 prava
1634 5220 1793 5292 doctrina
1818 5235 1853 5292 et
1874 5220 1980 5292 malis
1997 5225 2167 5317 exemplis

130 5337 229 5413 tuem
245 5336 407 5406 adierant
423 5345 538 5404 terrae
555 5342 685 5403 motos.
733 5322 784 5399 Et
803 5324 888 5422 quia
910 5321 1123 5397 minitantur
1171 5320 1353 5413 corrumpi
1370 5343 1592 5416 nequaquam
1607 5322 1746 5423 debet.¹
1773 5321 1845 5395 Sed
1865 5323 1996 5401 omissa
2013 5339 2172 5401 comme,
