4546 5760
65 117 152 197 m
666 112 1086 211 Queusrtonus
1123 106 1523 195 AGADEMIGAE.
2032 112 2108 193 bit

469 276 655 366 Βιψιιιιῖι·
1212 284 1310 359 ilaec
1322 286 1530 359 brevissime
1548 310 1645 361 nuuc
1666 286 1834 383 respondi
1850 288 1894 361 de
1915 300 1973 361 tue
1991 312 2103 385 netue-

167 382 287 457 Multa
310 379 400 456 mihi
418 389 585 479 cogitanti
603 391 647 459 de
668 382 971 485 bacqeeeestione,
996 390 1059 461 irr-
1110 389 1244 477 atione,
1276 405 1310 462 ct
1333 387 1425 461 haere
1449 390 1720 484 explicationem
1750 392 1867 465 iudico
1891 416 2029 479 verane,
2056 404 2101 485 ¹et

57 487 221 559 missima
244 481 331 557 haec
356 489 539 581 responsio
562 491 721 573 videtur,
752 508 900 587 atquae
928 492 1056 562 multae
1109 491 1177 585 piis
1193 494 1671 570 mentibuserlutnremesse.

58 589 306 661 dubitationes
326 589 432 665 tollit.
482 588 634 663 Etiamsi
651 595 754 664 valde
781 595 891 666 molta
906 591 1003 664 Dens
1017 593 1055 664 in
1211 594 1323 666 Porro
1338 596 1377 665 in
1392 596 1487 667 elicto
1501 594 1711 667 Nonianeeeri
1730 596 1874 667 verbum
1889 606 1940 667 ιιι
1961 598 2098 671 uulnu-

56 692 230 763 omuibue
246 691 375 762 sanctis
391 693 508 780 efficit,
535 695 573 763 iu
590 696 721 787 quibus
737 696 899 765 volonno
919 709 1054 767 tanturn
1106 692 1248 787 μένοις,
1276 700 1320 769 de
1335 722 1406 791 quo
1425 696 1581 769 dulrituri
1598 713 1729 791 potest,
1756 722 1801 769 een
1821 696 1971 769 voluerit
1991 698 2097 771 intel·

58 808 112 867 est
124 793 325 865 subiectum
343 793 496 885 patiens,
522 810 561 867 ut
578 822 657 866 com
676 814 837 869 servatur
852 795 979 869 Daniel
999 799 1056 867 in-
1109 798 1189 887 ligi,
1213 800 1345 871 vocetis
1360 812 1421 871 aut
1438 798 1696 875 invocantibus.
1747 798 1838 871 Num
1854 794 1910 869 leis
1925 800 1985 871 elnt
1999 796 2096 871 Deus

59 910 115 967 ter
154 895 294 981 leones,
348 910 466 965 tamen
504 899 623 987 regule
662 900 911 971 universaliter
951 901 1055 969 nobis
1106 898 1280 992 Spiritum
1304 914 1483 989 retractum,
1509 926 1597 994 quos
1621 918 1721 975 vocet
1744 903 1826 973 eluto
1850 902 1971 975 verine.
2023 902 2096 975 seo

55 999 215 1069 tenenda
228 1012 292 1070 est.
324 997 485 1069 Audiens
500 997 630 1089 Legem
646 1024 708 1071 seu
723 998 968 1089 Evangelium,
994 1025 1055 1071 ve·
1106 1016 1285 1097 utrunque
1295 1004 1589 1097 complectemur,
1618 1018 1758 1075 vereretur
1774 1016 1809 1075 et
1831 1001 2046 1075 iuvocuutee.

55 1098 102 1171 lit
125 1097 389 1183 obedientiam,
416 1114 449 1170 et
473 1114 567 1192 petat
589 1103 772 1176 auxilium.
824 1103 866 1172 ld
889 1104 1053 1193 congruit
1206 1101 1298 1176 Cum
1324 1118 1443 1177 eutem
1477 1119 1509 1177 et
1541 1130 1606 1175 nos
1632 1130 1693 1195 pere·
1717 1100 1953 1195 llvunpeliresn
1982 1104 2097 1177 verenti

55 1202 105 1273 ud
133 1194 221 1271 baec
241 1199 351 1270 dicta:
384 1198 579 1272 Praeeuute
612 1204 742 1294 gratia,
776 1205 966 1277 comitante
990 1230 1054 1276 vo·
1104 1206 1233 1289 rimus,
1263 1204 1317 1277 'l'e
1338 1230 1480 1277 oretenus
1503 1208 1552 1277 bli
1577 1204 1642 1277 Dei
1667 1206 1818 1279 llorerine
1841 1204 1917 1279 lesu
1942 1200 2096 1295 Cleriste,

55 1304 207 1377 lentate
1105 1308 1268 1379 crucifixe
1301 1332 1365 1399 pro
1397 1308 1521 1393 nobie,
1551 1308 1612 1403 qui
1640 1308 1776 1379 dixisti:
1814 1306 1940 1379 Venite
1965 1308 2009 1379 eul
2038 1332 2095 1379 ene

162 1402 326 1500 Cumque
343 1404 507 1476 voluntas
523 1405 699 1493 luctatur,
723 1407 865 1499 signum
880 1423 950 1491 eet,
976 1432 1052 1479 eam
1104 1432 1245 1495 omnes,
1276 1408 1338 1503 qui
1361 1410 1549 1495 laboratis,
1579 1423 1619 1482 ut
1642 1410 1839 1483 rnieereerris
1864 1410 1993 1491 nostri.
2028 1432 2093 1485 uus

55 1533 79 1581 a
98 1506 179 1581 Deo
196 1501 302 1579 trabi.
346 1506 417 1597 Qui
434 1532 518 1577 vero
533 1525 715 1601 expectant
730 1512 906 1583 violentos
921 1526 1053 1604 raptus,
1104 1513 1247 1597 docear,
1271 1512 1464 1602 gubernes,
1489 1526 1524 1585 et
1539 1515 1663 1587 solves.

56 1625 99 1683 ut
114 1604 388 1692 Enthusiaetae‚
414 1621 448 1678 et
467 1608 748 1682 Stencleleleliani
773 1614 987 1706 loquuntur,
1013 1608 1052 1682 lri

56 1726 208 1783 ueareent
223 1706 339 1781 bostes
355 1708 441 1795 Dei,
466 1724 501 1781 et
516 1708 632 1781 Deum
649 1709 848 1785 trahentem
864 1716 1051 1807 repellunb

163 1810 247 1883 ldeo
270 1812 383 1901 probo
409 1813 542 1883 dictum
565 1812 799 1901 Nazianzeni‚
825 1819 886 1910 qui
911 1819 1053 1901 latetur,
1116 1828 1182 1899 No.
1197 1826 1259 1898 71.
1922 1858 1971 1903 η,
1998 1836 2093 1907 tane,

55 1915 128 1989 Dei
146 1940 254 2008 opera
279 1938 353 1983 esse
375 1915 522 1985 virtutes
547 1916 585 1983 in
607 1919 728 2003 nobie,
753 1919 814 1987 sed
830 1933 946 1989 tamen
967 1914 1052 1989 baec
1108 1922 1281 1955 Μ
1917 1924 2088 1959 ‘'⁸“

56 2019 150 2089 fiunt
173 2018 241 2100 iia,
274 2029 314 2084 ue
337 2016 500 2087 voluntas
523 2018 676 2089 luclelut
696 2022 859 2091 388611ῑῖΐὶ
881 2018 957 2091 Deo
979 2034 1049 2091 ll'ss·
1172 2045 1203 2099 lu
1223 2042 1352 2101 Orstlos.
1373 2042 1453 2100 Η.
1475 2042 1549 2103 ner
1566 2060 1628 2167 sep.
1649 2052 1675 2101 et
1695 2044 1724 2101 ιιι
1745 2044 1926 2105 Oestlorelbtu
1948 2048 2092 2121 perterruit

59 2114 182 2205 bereti,
218 2132 254 2189 et
274 2140 381 2210 quaen
407 2123 605 2190 verecunde
636 2122 774 2192 locutus
796 2122 860 2207 eit,
888 2122 1052 2193 coneide·
1204 2112 1290 2185 p.66.
1324 2110 1591 2187 tlteerrrl.'t'.tt.p.
1621 2118 1664 2173 ⁹²·

55 2223 214 2293 randum
236 2236 301 2291 est.
351 2217 434 2288 Non
457 2222 542 2291 elicit
563 2245 661 2312 parea
685 2246 806 2294 causas
827 2248 901 2294 esee
922 2222 1051 2309 Deum,

58 2336 96 2397 et
116 2323 355 2401 voluntatem,
387 2335 427 2391 ut
457 2348 568 2415 quum
591 2326 663 2393 duo
687 2325 769 2417 equi
802 2350 945 2395 currum
978 2340 1052 2396 tra·

57 2420 174 2510 bunt,
207 2426 268 2493 sed
293 2423 507 2493 imbecillem
537 2427 702 2495 comiteur
731 2449 805 2496 esse
831 2428 1049 2498 voluntatem

59 2527 254 2617 siguificat,
288 2539 432 2595 utrum
457 2526 633 2596 volentem
661 2552 807 2619 puerum
831 2530 930 2601 docte
947 2527 1052 2599 Pater

59 2628 245 2712 abactae
262 2627 381 2719 inquit
396 2626 504 2713 euim,
521 2629 600 2697 dari
614 2631 761 2699 virtutes
774 2625 873 2703 οὕτω
890 2622 1051 2704 νεύουσι.
1100 2616 1146 2701 N
1147 2652 1195 2699 on
1212 2640 1262 2699 ιιι
1279 2626 1393 2700 nostri
1412 2628 1520 2699 oflicii
1535 2632 1579 2699 ele
1595 2630 1710 2701 eerusis
1722 2631 1921 2723 disputare,
1949 2644 2092 2727 propter

59 2728 306 2799 Verecundius
322 2726 388 2797 boc
405 2744 476 2812 est,
500 2754 606 2822 queso
621 2731 651 2801 si
675 2731 867 2802 latinorum
882 2734 1051 2802 enoredi·
1102 2754 1188 2824 quas
1213 2730 1414 2801 institutum
1436 2744 1507 2815 est,
1538 2745 1578 2802 ιιι
1605 2728 1642 2801 in
1663 2728 1731 2803 leue
1758 2734 1835 2805 lucer
1867 2734 2024 2807 iuniores
2051 2734 2090 2807 irr

58 2844 173 2909 teret,
198 2831 491 2902 adsentientibus.
1100 2852 1266 2901 consessu
1282 2832 1468 2902 docturum
1482 2854 1626 2919 serrum,
1648 2848 1682 2905 et
1697 2834 1734 2903 ier
1751 2860 1876 2921 ennena
1893 2837 2093 2931 leeerereentier

161 2932 246 3005 Nou
266 2933 375 3021 igitur
399 2933 551 3004 docendi
580 2949 665 3004 eunt
691 2932 872 3016 homiues,
902 2948 942 3007 ut
969 2936 1051 3005 illus
1100 2932 1240 3017 dicaret,
1271 2932 1335 3001 etsi
1363 2930 1491 3002 neulters
1524 2956 1598 3003 esse
1628 2956 1749 3005 euersas
1775 2930 1939 3007 lureresters
1964 2938 2092 3025 cernitu.

58 3036 238 3109 violentos
261 3048 383 3125 raptus
413 3029 591 3125 prophani
618 3051 816 3127 expectent:
852 3040 911 3106 red
940 3042 1049 3107 verbo
1100 3032 1172 3107 sert
1186 3036 1366 3105 nosdeeet
1381 3036 1540 3105 moriente
1559 3034 1694 3125 legibus
1713 3050 1746 3107 et
1759 3038 2005 3109 eoersnetuelini
2023 3040 2091 3112 ob-

57 3134 129 3211 Dei
149 3137 261 3207 velint
279 3137 445 3215 obedire,
480 3152 515 3208 et
536 3151 656 3227 petant
676 3140 861 3211 auxilium.
913 3138 1050 3209 Stoicae
1101 3150 1315 3229 temperare,
1346 3140 1441 3231 quod
1466 3149 1508 3208 ut
1534 3138 1731 3207 verecunde
1749 3162 1804 3207 ene
1826 3138 1939 3209 iecere
1957 3138 2089 3213 intelli-

58 3238 649 3330 etiamimaginationeedepouant,
665 3264 756 3333 quae
769 3242 918 3330 fiergout,
932 3239 1048 3311 Deum
1100 3238 1207 3327 gatis,
1231 3238 1385 3329 primunr
1402 3264 1422 3307 a
1440 3238 1543 3307 rubis
1565 3250 1666 3331 peto,
1691 3252 1732 3311 ut
1752 3264 1807 3309 ene
1829 3238 2006 3334 patienter
2025 3266 2090 3315 eree-

57 3342 185 3415 iuteles
197 3340 335 3411 tabulas
347 3340 537 3431 scripsisse,
550 3342 590 3410 in
603 3342 734 3435 quibus
743 3342 947 3436 aliquorum
961 3354 1049 3413 ami-
1099 3339 1226 3423 dietis,
1251 3336 1381 3409 deinde
1402 3352 1442 3409 ert
1458 3340 1654 3411 orationem
1678 3340 1868 3413 iuvenilem
1893 3341 1978 3415 boni
2002 3368 2090 3415 cern-

48 3446 182 3515 'eorum
201 3443 349 3513 nourina
369 3446 605 3515 annotaverit.
657 3441 752 3514 ilinc
775 3446 1048 3516 oritordubiter-
1098 3441 1234 3513 solatis.
1283 3436 1350 3513 Est
1381 3435 1448 3513 lroe
1474 3465 1616 3537 quoque
1646 3440 1856 3529 rnertertine,
1888 3467 2012 3517 eereere
2044 3470 2090 3519 ue

57 3547 131 3633 tio,
154 3570 203 3615 su
223 3559 258 3617 et
280 3559 382 3615 tuum
403 3568 537 3614 nomeu
557 3547 774 3635 adscriptum
798 3547 863 3633 sit,
891 3540 957 3617 bae
978 3548 1048 3617 eler-
1100 3543 1234 3636 prolixe
1258 3542 1412 3613 dicendo
1436 3543 1559 3613 videar
1581 3538 1668 3613 rnilri
1694 3544 1812 3638 inepte
1842 3544 1987 3637 placarer
2041 3544 2090 3623 Ut

56 3648 231 3721 bitatione
252 3646 409 3736 extingui
433 3647 537 3716 lnlem
560 3649 787 3719 manifestum
805 3664 869 3722 est.
919 3646 1047 3741 Oppo-
1099 3644 1208 3735 igitur
1219 3644 1386 3715 usitatum
1403 3660 1467 3729 eet,
1483 3644 1723 3739 qeraestiernenr
1737 3670 1914 3739 proponere
1940 3642 2091 3721 Andise-

46 3774 187 3841 uasuus
194 3751 308 3840 igitur
320 3748 589 3839 promissiones,
613 3775 704 3842 quae
719 3775 801 3819 eum
817 3751 888 3822 sint
901 3750 1048 3821 univer·
1099 3770 1233 3817 errantes
1248 3740 1431 3845 Pontifex
1443 3746 1501 3817 ires
1516 3738 1653 3817 habeut
1665 3742 1948 3847 transferendae
1962 3742 2090 3845 diffns'·

55 3854 168 3933 sales,
191 3867 227 3924 ιι
243 3876 386 3946 qeeoqne
407 3851 445 3918 in
470 3851 711 3921 universalem
731 3876 852 3921 vocem
876 3852 1048 3938 includas,
1099 3846 1190 3920 tertis
1202 3842 1378 3919 Ilerrereene'
1394 3842 1638 3943 Ienperrstorr's
1659 3856 1692 3920 ιι
1708 3840 1922 3945 Principum
1941 3848 2090 3923 It'leetn·

47 3979 125 4046 nec
137 3954 267 4045 fingas,
290 3954 329 4023 in
348 3956 421 4023 lleo
439 3953 730 4025 contradictorias
747 3955 945 4025 voluntates
962 3978 1046 4026 esse.
1099 3974 1192 4024 reem.
1232 3950 1315 4025 Seio
1331 3950 1608 4043 dispertitionem
1626 3952 1671 4023 de
1686 3977 1724 4023 ιι
1740 3964 1837 4023 tanta
1855 3952 1965 4041 rnapie
1979 3956 2089 4047 perti-

14 4094 19 4099 ·
57 4054 175 4129 Vera
188 4058 322 4147 legatus
335 4069 389 4126 est
408 4055 504 4124 lilius
517 4054 603 4139 Dei,
627 4057 689 4148 qni
712 4057 983 4147 promissionem
1006 4080 1046 4125 er
1099 4054 1241 4126 nereael
1257 4078 1477 4125 seenrenorrrm
1494 4050 1702 4145 Principum
1721 4054 1891 4143 contendite,
1911 4080 2018 4151 speram
2041 4058 2087 4127 sel

55 4158 140 4229 sinu
159 4159 294 4231 aeterni
317 4156 434 4229 Patris
455 4158 625 4250 protulit,
647 4172 684 4229 et
698 4158 834 4252 inquit:
858 4156 985 4230 l'errite
1000 4162 1048 4229 ad
1097 4154 1271 4227 iuveniles
1279 4154 1563 4237 ‹teclasrratioeres‚
1576 4168 1694 4227 tamen
1702 4180 1783 4227 eererr
1796 4152 1985 4229 bisrliebees
1994 4154 2089 4229 tier·

55 4284 115 4333 rue
128 4286 271 4348 omnes,
293 4261 356 4351 qui
370 4259 553 4333 laboratis.
1097 4257 1235 4329 uraniae
1251 4254 1434 4351 l’rineipes
1454 4258 1499 4328 ael
1514 4256 1806 4329 deliberationem
1820 4262 1865 4329 ιιι
1881 4282 1918 4329 ιι
1935 4258 2087 4331 nraeinrer

159 4360 282 4450 retu,
305 4362 423 4456 inquit
447 4360 599 4446 Paulus,
631 4386 673 4431 ex
694 4363 822 4431 auditu
841 4372 913 4445 ese,
944 4362 1048 4433 andi·
1096 4360 1329 4441 eersrveerinnt,
1353 4358 1484 4431 ieretsrnr
1499 4373 1549 4430 eet
1565 4382 1631 4431 erus
1648 4384 1791 4445 ornnes,
1814 4374 1964 4433 eeneset
1985 4359 2086 4431 irere-

56 4469 354 4559 tuspeeuerbuur
369 4462 450 4535 Dei.
482 4462 557 4553 Qui
571 4464 789 4535 voluntatem
803 4460 870 4533 teci
885 4489 959 4533 nun
973 4478 1047 4535 tra-
1097 4484 1159 4531 nes
1182 4462 1391 4533 ardentibus
1416 4460 1507 4532 vertis
1529 4460 1645 4535 lleorre
1679 4462 1836 4557 peceati,
1869 4475 1910 4534 ert
1936 4462 2086 4535 consilia

57 4568 170 4639 ditem
189 4568 229 4638 iu
253 4568 381 4653 serbo,
406 4580 603 4661 mmor.
628 4568 724 4660 qeeod
744 4564 879 4636 tanum
903 4562 1045 4635 Eertbrr-
1096 4562 1304 4657 Principum
1320 4564 1514 4653 petenen,
1543 4577 1579 4636 et
1601 4564 1734 4657 patriae
1753 4576 1893 4635 nostrae
1915 4588 2034 4655 parem
2051 4580 2087 4638 et

56 4668 203 4763 sintae,
227 4694 384 4764 quonam
403 4668 540 4739 ruunt?
569 4664 618 4739 Et
638 4692 720 4737 cnm
739 4668 851 4737 dieat:
877 4666 984 4739 i'irtes
1002 4692 1044 4737 er
1093 4668 1283 4737 salutarem
1317 4664 1611 4757 gubernationem
1641 4665 1786 4735 tribuat.
1838 4660 1879 4735 tet
1905 4682 1942 4735 ue
1971 4666 2088 4753 iaciat,

56 4773 182 4845 artico
205 4788 277 4858 est,
306 4771 526 4861 intelligatur
545 4773 624 4841 eius
642 4794 717 4841 esse
742 4772 847 4855 noer,
879 4770 942 4865 qui
965 4772 1046 4842 sealt
1095 4782 1170 4841 toto
1185 4780 1326 4861 pectore
1344 4792 1426 4837 enen
1444 4792 1521 4837 erere·
1575 4762 1925 4857 interempturum
1944 4782 2085 4841 errrnest

55 4873 199 4959 matre,
218 4900 291 4945 m
305 4876 368 4970 φῖ
383 4888 570 4965 ΕΡΙΙΜ·
1095 4870 1380 4963 intempestivum
1393 4870 1500 4939 sienni
1515 4870 1561 4939 ele
1575 4868 1772 4940 rrnrtatirrue
1785 4868 1914 4943 veteris
1928 4866 2087 4963 imperii,

155 4976 436 5050 Sirrrilitudiuem
450 4978 498 5045 de
513 4976 608 5059 loto,
633 5001 681 5045 ue
701 4976 776 5067 ipse
788 4974 933 5067 quidem
949 4972 1043 5043 Pare-
1092 4988 1127 5043 et
1141 4974 1187 5043 de
1202 4988 1365 5045 veteresne
1382 4970 1647 5043 tierneanornnr
1665 4972 1815 5059 virtute,
1839 4986 1874 5045 et
1890 4972 1935 5043 de
1953 4968 2083 5043 leonem

56 5081 112 5153 lus
132 5082 223 5151 adeo
243 5080 382 5153 duriter
404 5079 679 5170 interpretaurr,
703 5094 746 5149 est
765 5080 986 5147 voluntatem
1005 5078 1042 5145 in
1093 5076 1289 5145 recentium
1315 5070 1528 5145 l’nertiireeesn
1549 5074 1694 5145 aerelaeia
1719 5072 1892 5162 crepitare,
1923 5072 1986 5169 spei
2011 5098 2085 5145 rresu

55 5184 159 5255 malie
177 5176 271 5253 nitrit
290 5204 397 5275 agere
414 5180 608 5269 existima,
628 5186 691 5251 sed
714 5195 853 5251 tantum
868 5180 975 5271 fingi,
1001 5196 1044 5251 ut
1092 5202 1188 5247 rruue
1204 5178 1379 5267 primurn,
1403 5174 1464 5245 reel
1480 5194 1585 5247 antea
1602 5200 1745 5269 qnoque
1758 5176 1875 5247 unni
1891 5188 1974 5245 srerrt
1990 5172 2084 5246 tiee-

45 5292 180 5363 mn,
294 5338 300 5345 .
1014 5356 1020 5365 ,
1090 5280 1250 5351 maniam
1286 5280 1450 5361 uerbere,
1486 5292 1622 5351 enotata
1655 5278 1771 5351 torreta
1802 5278 2084 5371 gubernationis.

1110 1702 1706 1721 man-an..—
1716 1710 1746 1719 ιι-
1765 1704 1895 1721 ..a-nnn·-
1906 1708 2037 1723 -ιιι--ι-ο-
2047 1704 2093 1725 ι’

1099 2272 1160 2345 Are
1179 2274 1373 2345 Romanus
1394 2266 1579 2367 Penttsea
1603 2270 1824 2349 euertere
1852 2270 2092 2373 transteren-

1102 2373 1177 2447 dae
1201 2376 1405 2475 demererer
1426 2378 1586 2451 llemnnt
1610 2382 1852 2469 tmperntertr
1874 2388 1916 2453 ert
1943 2382 2092 2455 neere-

1417 2500 1508 2572 pnrn
1528 2476 1769 2553 ltteetereern?
