4546 5760
181 104 205 248 s
246 142 297 218 ss
406 104 861 244 urrsronanuu,
911 128 1283 210 runrcrouuu
1323 124 1837 227 urscnrrroauu
1885 146 2119 234 mnxrv.
2177 159 2247 253 ⁸e

250 312 300 385 tio
315 304 550 409 praetuleritis
564 301 741 389 libertati,
766 315 806 373 ut
830 299 1056 386 nominatur,
1078 317 1113 375 et
1131 329 1232 378 nunc
1255 307 1261 345 ⁸
1285 333 1370 406 pum
1387 332 1461 379 esse
1475 312 1589 385 voluit
1604 317 1758 390 mirandi
1782 323 1914 393 amoris
1935 321 1975 392 in
1988 320 2082 394 Filio
2102 346 2184 414 erga
2212 350 2244 393 n.

226 409 462 488 santet‘eratis.
1286 427 1400 481 turam
1416 407 1628 505 humanam,
1654 446 1762 513 quam
1780 425 1979 517 assumpsit.
2027 424 2273 497 Circumdedi

241 588 250 603 α
355 510 472 602 Quam
495 509 542 599 pb
571 530 710 579 causam
735 519 829 577 certo
854 505 970 580 sciatis
985 509 1094 606 vobis
1116 510 1236 582 adesse
1286 527 1402 582 autem
1423 510 1535 585 c‘ertas
1557 532 1686 602 metas,
1710 537 1752 595 ut
1776 525 1997 613 intelligatur
2023 526 2182 614 castitas,
2205 552 2253 622 qu

252 614 385 698 Deum,
410 611 589 682 custodem
607 622 742 680 vestrae
756 607 932 682 societatis
948 623 983 680 et
1006 611 1177 699 fauriliae,
1202 625 1236 682 et
1287 615 1363 684 vult
1379 638 1415 684 se
1432 613 1528 686 Deus
1543 619 1587 688 ab
1603 620 1797 694 immundis
1812 629 1951 700 naturis
1967 626 2133 700 discerni.

255 739 377 788 omnes
392 734 578 784 aerumnas
593 711 786 787 leniturum
809 735 899 797 esse,
928 727 970 784 ut
993 713 1096 783 affuit
1119 729 1236 784 custos
1390 712 1442 785 Ac
1465 732 1506 788 ut
1535 719 1700 812 intelligi
1719 729 1848 816 possit,
1878 722 1941 797 bas
1967 741 2077 798 metas
2103 727 2250 798 divinit

254 817 469 889 familiarum
491 807 686 903 Abrahae,
714 812 846 901 Isaac,
877 809 1012 897 Iacob,
1053 806 1236 902 Thubiue,
1287 816 1438 888 sancitas
1461 843 1555 907 esse,
1580 826 1774 897 voluntatis
1800 852 1883 899 suae
1909 842 2032 915 testes,
2064 830 2178 900 voluit
2202 854 2237 899 es
2266 864 2273 889 ·.4

185 940 198 991 ,’
256 937 292 996 et
315 920 508 991 multorum
534 918 694 1012 piorum,
717 941 824 1012 quos,
855 940 1058 1011 quanquam
1080 932 1115 989 et
1143 917 1236 1009 ipsos
1288 914 1477 988 horribiles
1503 945 1652 1012 poenas,
1694 953 1784 1021 quae
1807 930 1956 1000 immoto
1980 930 2108 1001 ordine
2130 931 2170 998 in
2192 933 2256 1001 uni

256 1024 361 1095 multi
384 1023 502 1093 tristes
531 1042 630 1091 casus
650 1022 787 1091 duriter
807 1031 1056 1098 exercuerunt,
1087 1019 1239 1110 protexit
1291 1042 1390 1088 verso
1407 1043 1533 1109 genere
1546 1019 1702 1098 humano
1718 1030 1851 1124 ubique
1866 1029 2015 1103 incestas
2028 1031 2199 1102 libidines
2213 1057 2247 1100 c·

255 1122 393 1208 tamen,
419 1122 505 1193 etin
522 1121 659 1214 magnis
678 1119 844 1214 periculis
866 1131 901 1190 et
925 1119 1103 1190 aerumnis
1128 1121 1239 1213 placi·
1288 1121 1479 1207 mitantur,
1502 1138 1537 1196 et
1549 1131 1759 1215 ostendunt,
1783 1155 1858 1201 raon
1883 1155 1984 1216 casu,
2017 1136 2077 1203 sed
2100 1132 2273 1203 divinitu

258 1229 448 1298 doseritus
464 1221 573 1296 dedit.
1288 1223 1399 1292 deleri
1425 1247 1503 1309 eos,
1544 1227 1608 1320 qui
1639 1230 1746 1300 tetris·
1772 1232 1966 1304 libidinum
2002 1235 2256 1305 confusionibu

357 1326 501 1417 Quanto
526 1323 768 1396 tolerabiliora
790 1335 873 1392 sunt
901 1322 1022 1393 omnia
1053 1345 1143 1417 quae
1171 1321 1239 1415 piis
1289 1323 1417 1418 polluti
1430 1340 1524 1399 suut.

258 1431 441 1508 accidunt,
464 1426 526 1521 qui
543 1450 579 1497 se
592 1420 669 1495 Deo
685 1448 789 1495 curae
806 1447 879 1493 esse
893 1424 1028 1508 sciunt,
1056 1425 1188 1519 quique
1201 1448 1238 1494 se
1392 1423 1572 1518 Impressit
1587 1434 1820 1503 etmirilicam
1835 1428 2119 1505 benevolentiam
2146 1458 2256 1525 paren

259 1545 294 1603 et
316 1554 396 1603 suas
409 1529 565 1610 familias,
576 1541 709 1598 norunt
725 1539 838 1619 septas
854 1549 927 1595 esse
942 1538 1115 1595 castorum
1132 1547 1239 1616 auge·
1290 1526 1386 1597 tibus
1400 1551 1480 1618 erga
1496 1545 1616 1618 natos,
1638 1559 1728 1627 quae
1749 1559 1830 1605 cum
1852 1559 1926 1604 non
1949 1535 1996 1605 sit
2018 1559 2101 1605 casu
2119 1559 2264 1605 accensa

259 1637 376 1705 lorum
399 1630 618 1723 agminibus,
647 1624 756 1724 'quam
780 1651 869 1721 quae
896 1627 1060 1696 accidunt
1082 1627 1240 1719 pollutis,
1289 1629 1352 1696 sed
1371 1629 1420 1698 ita
1447 1632 1591 1703 condita
1621 1635 1732 1706 sitin
1760 1636 1905 1728 optimis
1931 1637 2088 1719 naturis,
2130 1637 2169 1707 in
2193 1637 2254 1730 qu‘

260 1760 411 1831 quorum
427 1744 565 1826 pectora
583 1732 718 1823 magnis
734 1729 948 1799 cruciatibus
963 1728 1181 1817 lacerantur,
1207 1742 1240 1797 et
1291 1731 1358 1799 bus
1373 1731 1487 1802 voluit
1506 1730 1602 1803 Deus
1622 1761 1722 1807 suam
1745 1738 1895 1828 effigiem
1920 1737 2094 1829 conspici,
2118 1727 2273 1808 ostendi

260 1839 323 1932 qui
346 1837 463 1907 sciunt
483 1857 519 1905 se
540 1830 652 1903 aDeo
677 1831 853 1923 proiectos
867 1853 958 1913 esse,
984 1842 1019 1900 et
1036 1829 1074 1899 in
1098 1853 1241 1919 magnas
1291 1830 1442 1899 similem
1466 1832 1505 1901 in
1531 1834 1607 1926 ipso
1631 1862 1713 1930 erga
1744 1862 1811 1908 nos
1835 1852 2019 1931 paternam
2044 1834 2209 1937 στοργήν
2242 1864 2273 1910 .

260 1938 473 2010 calamitates
494 1932 675 2005 ruituros?
729 1927 830 2001 Nihil
863 1930 1009 2021 cogitari
1030 1926 1240 2001 horribilius
1291 1957 1447 2002 amorem
1462 1957 1547 2011 esse.

261 2041 325 2114 tali
345 2040 417 2111 vita
438 2049 570 2134 potest,
595 2042 702 2132 quam
725 2057 789 2103 nec
812 2033 986 2125 gubernat
1010 2055 1081 2127 nec⁸
1091 2033 1241 2126 protegit
1393 2032 1490 2111 Haec
1503 2035 1622 2105 omnia
1638 2038 1838 2115 aedilicium
1852 2033 2002 2111 humaui
2014 2041 2193 2132 corporis,
2218 2042 2261 2112 di

262 2145 371 2217 Deus.
1291 2133 1518 2205 stinctionam
1533 2160 1645 2223 sexus,
1668 2138 1763 2230 leges
1778 2140 1953 2230 coniugii,
1976 2164 2109 2234 poenas
2123 2143 2267 2213 incesta

363 2241 438 2312 lam
462 2254 503 2312 ut
522 2237 632 2310 animi
648 2236 842 2308 constantia
858 2235 896 2305 in
913 2235 1069 2306 ferendis
1083 2259 1242 2306 commu·
1292 2237 1577 2320 consuetudinis,
1603 2237 1765 2340 στοργὴν
1787 2255 1990 2335 parentum,
2015 2243 2167 2314 illustria
2191 2263 2249 2336 pr

262 2346 369 2417 nibus
384 2343 563 2413 aerumnis
577 2342 623 2412 sit
635 2338 782 2421 firmior,
803 2349 936 2414 attente
950 2338 1149 2408 consideres
1161 2336 1243 2406 dul·
1294 2336 1469 2410 videntiae
1491 2339 1691 2412 testimonia
1712 2367 1805 2429 esse,
1829 2344 2056 2413 manifestum
2078 2357 2149 2432 est3

263 2447 400 2518 eissima
415 2446 527 2529 dicta,
549 2444 587 2512 in
603 2441 731 2535 quibus
746 2436 844 2510 Deus
859 2452 893 2509 et
906 2439 1124 2509 voluntatem
1143 2462 1241 2507 suam
1293 2439 1436 2530 quidem
1459 2445 1651 2513 ostendunt
1669 2436 1761 2514 hanc
1783 2439 1945 2515 naturam
1969 2467 2044 2514 non
2073 2469 2156 2516 casu
2186 2447 2257 2517 esti

265 2527 449 2640 erpiessit,
476 2559 511 2616 et
532 2543 702 2615 auxilium
725 2540 930 2632 pollicetur,
956 2565 1024 2634 qua
1051 2540 1089 2608 iu
1113 2539 1244 2628 cogita·
1293 2540 1394 2626 tisse,
1418 2543 1481 2610 sed
1498 2568 1578 2612 vere
1596 2561 1835 2616 essemcntem
1851 2540 2182 2633 architectatricem,
2207 2549 2247 2616 b·

182 2735 186 2743 ¹
263 2652 361 2723 tione
376 2647 489 2719 ordiri
502 2649 595 2717 abea
610 2642 813 2715 narratione
830 2641 1062 2711 rectissimum
1079 2654 1140 2727 est,
1154 2663 1244 2741 quae
1294 2665 1394 2727 uam,
1427 2641 1555 2712 iustam
1565 2694 1578 2727 ,
1610 2658 1760 2730 castam,
1791 2646 1968 2716 vindicem
1992 2646 2184 2732 scelerum,
2212 2673 2256 2719 cu

218 2802 222 2809 ·
264 2750 431 2822 describit
466 2749 615 2839 primam
646 2743 783 2835 generis
813 2736 960 2811 immani
983 2742 1244 2834 formationem,
1293 2745 1428 2812 stodem
1442 2744 1617 2815 societatis
1632 2739 1826 2832 humanae,
1849 2762 1884 2816 et
1898 2742 2038 2817 honesti
2056 2749 2224 2839 coniugii.

263 2853 328 2924 ubi
350 2851 518 2940 scriptum
541 2860 610 2933 est,
634 2842 753 2915 Dixit
768 2837 978 2929 Dominus,
1003 2837 1094 2917 Non
1111 2851 1163 2912 est
1179 2839 1243 2911 bo-
1394 2843 1467 2914 Nec
1480 2871 1563 2917 vero
1579 2847 1728 2918 dubium
1743 2863 1794 2918 est
1809 2848 2013 2938 coniugium
2030 2849 2108 2919 fieri
2124 2851 2256 2921 dulciu

265 2977 353 3025 num
371 2945 553 3021 hominem
570 2970 644 3019 esse
656 2945 797 3031 solum,
815 2943 1012 3045 suciamus
1036 2942 1071 3015 ei
1091 2940 1242 3015 adiuto-
1293 2968 1374 3014 cum
1388 2940 1495 3015 huius
1511 2972 1612 3017 verae
1623 2949 1815 3040 sapientiae
1828 2950 2102 3042 deprovidentia
2117 2947 2235 3021 schola
2260 2984 2265 3011 ι

265 3055 360 3125 rium
374 3047 496 3123 simile
510 3048 596 3144 ipsi.
1294 3069 1366 3115 esse
1381 3047 1629 3122 considerabis.
1679 3048 1805 3120 Postea
1821 3051 1926 3119 etiam
1942 3051 1981 3119 iu
1997 3053 2225 3141 generatione
2241 3077 2259 3123 e

362 3154 454 3227 Cum
485 3164 659 3247 quaeruut
689 3144 865 3219 humanae
897 3159 1051 3228 mentes,
1084 3170 1148 3216 cur
1169 3168 1243 3214 non
1294 3147 1489 3218 nutritione
1505 3151 1659 3234 sobolis,
1685 3153 1771 3221 etin
1786 3152 1940 3221 familiae
1955 3153 2192 3244 protectione,
2220 3168 2253 3225 te

263 3261 335 3330 alio
357 3258 462 3327 modo
482 3256 520 3326 tu
536 3251 756 3346 propagatio,
782 3262 822 3320 ut
837 3249 965 3317 florum
982 3261 1016 3319 et
1030 3272 1156 3339 apum,
1182 3258 1244 3318 aut
1292 3249 1456 3318 stiruouia
1471 3251 1687 3340 praesentiae
1701 3250 1768 3322 Dei
1783 3239 1894 3323 mulia
1910 3277 2042 3327 cernes.

263 3356 476 3433 Phoenicis?
524 3352 573 3426 Et
598 3379 662 3425 cur
683 3351 790 3421 maris
813 3364 848 3420 et
869 3349 1044 3418 foeminae
1065 3348 1243 3440 copulatio
1395 3348 1521 3421 Statim
1536 3377 1616 3424 cum
1629 3353 1668 3421 in
1684 3354 1765 3423 alvo
1788 3366 1945 3423 materna
1966 3355 2081 3427 ioetus
2106 3355 2263 3426 nascitur

263 3461 368 3535 certis
390 3458 492 3530 metis
512 3455 717 3528 circundata
739 3452 814 3523 est?
862 3444 1029 3523 Retrahit
1058 3474 1125 3519 nos
1147 3447 1243 3520 Deus
1294 3473 1338 3519 ne
1361 3452 1492 3521 tenello
1515 3454 1723 3546 corpusculo
1741 3454 1831 3525 desit
1850 3454 2127 3540 nutrimentum,
2150 3457 2266 3526 diviu

263 3567 382 3647 adse,
413 3559 596 3656 inquiens,
628 3551 748 3626 Dixit
770 3550 979 3633 Dominus,
1012 3551 1050 3621 id
1084 3564 1153 3632 est,
1186 3575 1243 3621 sa-
1293 3552 1440 3623 consilio
1456 3555 1505 3624 ita
1520 3557 1663 3625 condita
1678 3569 1731 3626 est
1750 3568 1897 3636 natura,
1925 3569 1965 3626 ut
1979 3555 2033 3625 lac
2047 3555 2087 3625 iu
2103 3559 2231 3629 uberib

262 3663 484 3762 pientissimo
494 3659 643 3729 consilio
653 3671 688 3729 et
701 3657 847 3726 immoto
865 3657 1006 3724 decreto
1016 3653 1130 3723 sanxit
1146 3646 1242 3741 hunc
1293 3666 1474 3745 coquatur.
1532 3653 1630 3724 Miro
1655 3657 1782 3726 ordine
1804 3655 1928 3726 divino
1951 3657 2116 3727 laxantur
2141 3660 2251 3729 ossius

264 3768 439 3841 ordinem.
488 3758 530 3830 ln
548 3756 768 3832 hocdecreto
786 3755 1016 3850 acquiescito,
1042 3752 1238 3830 cuiadver·
1293 3754 1476 3824 iuncturae
1489 3756 1580 3825 iusto
1597 3769 1760 3848 tempore
1783 3757 1822 3826 in
1846 3772 1967 3848 partu,
1990 3782 2030 3827 ac
2051 3772 2170 3850 postea
2193 3785 2237 3830 ru

263 3869 352 3953 sari,
378 3879 429 3935 est
441 3862 603 3955 giganteo
621 3884 719 3932 more
733 3859 866 3931 bellum
885 3857 983 3926 coelo
1005 3853 1154 3937 inferre,
1180 3849 1243 3926 seui
1292 3877 1350 3923 sus
1371 3855 1603 3942 clauduntur,
1633 3882 1723 3951 quae
1758 3859 1858 3928 nulla
1886 3852 2042 3930 humana
2065 3873 2140 3928 arte
2164 3860 2261 3931 laur

262 3969 476 4065 θεομαχεῖν.
1292 3969 1353 4027 aut
1369 3956 1485 4027 claudi
1502 3972 1659 4049 possunt.

363 4066 495 4140 Causas
515 4082 599 4135 vero
625 4057 766 4135 consilii
786 4058 919 4143 divini,
958 4057 997 4127 in
1019 4056 1082 4127 illa
1103 4071 1241 4128 aeterna
1393 4054 1489 4128 Haec
1521 4061 1703 4130 manifesta
1737 4058 1909 4129 miracula
1947 4062 2157 4146 ostendunt,
2198 4083 2264 4129 no

262 4169 517 4244 consuetudine
536 4165 646 4255 magis
667 4185 869 4239 cernemus,
904 4184 999 4229 nunc
1028 4173 1144 4229 autem
1174 4159 1241 4252 ipsi
1293 4155 1373 4228 casu
1389 4159 1487 4228 nasci
1503 4154 1683 4244 homines,
1708 4162 1769 4230 sed
1784 4160 1922 4231 ordinis
1935 4155 2042 4232 huius
2056 4175 2092 4232 et
2114 4175 2238 4233 autore

263 4276 402 4346 decreto
418 4271 718 4358 obtemperemus,
742 4262 878 4332 etiamsi
892 4284 1013 4332 causas
1029 4283 1151 4329 omnes
1167 4283 1241 4329 non
1292 4273 1326 4331 et
1350 4275 1631 4332 conservatorem
1652 4260 1768 4332 Deum
1795 4284 1880 4334 esse.
1937 4261 2063 4334 Postea
2090 4279 2175 4334 sunt
2204 4262 2264 4333 ali

261 4371 512 4471 perspicimus,
544 4379 713 4438 ettamen
738 4363 874 4456 aliquas
896 4363 1117 4433 considerare
1139 4362 1241 4432 dulce
1292 4360 1403 4431 multa
1433 4363 1531 4451 signa
1561 4363 1778 4454 praesentiae
1803 4360 1888 4449 Dei,
1927 4367 2024 4457 quod
2059 4386 2121 4434 sua
2152 4366 2234 4434 dext
2262 4414 2273 4422 .

262 4492 333 4562 est,
358 4489 393 4546 et
416 4495 537 4544 earum
561 4468 773 4561 cogitatione
789 4459 858 4534 hoc
871 4486 982 4555 genus
998 4463 1090 4533 vitae
1105 4462 1143 4532 fit
1159 4486 1241 4533 sua·
1291 4475 1411 4532 tuetur
1441 4457 1627 4534 hominum
1658 4463 1874 4535 societatem.
1931 4464 2027 4554 Quia
2051 4464 2207 4534 latrones
2230 4489 2266 4535 a·

261 4579 352 4652 vius.
1291 4587 1422 4653 poenas
1453 4566 1563 4655 rapit,
1597 4566 1702 4638 etiam
1730 4590 1810 4635 cum
1834 4588 1876 4634 ex
1900 4567 2066 4637 manibus
2090 4567 2248 4656 magistr

363 4672 510 4750 Conditi
534 4684 617 4743 suut
637 4665 727 4756 duo,
763 4665 847 4761 quia
869 4665 984 4736 voluit
1006 4663 1102 4734 Deus
1130 4686 1241 4753 genus
1292 4679 1390 4735 tuum
1407 4665 1568 4757 effugisse
1585 4668 1763 4742 videntur.

262 4779 459 4854 humanum
474 4772 667 4847 Ecclesiam
682 4795 775 4853 esse,
800 4768 913 4838 voluit
927 4766 1096 4837 celebrari
1121 4791 1241 4835 vocem
1394 4763 1504 4857 Saepe
1529 4768 1637 4857 igitur
1651 4776 1765 4839 tecum
1783 4780 1917 4857 repetas
1931 4762 2024 4838 hanc
2037 4793 2177 4854 vocem,
2197 4764 2261 4838 Di

263 4884 445 4956 doctrinae
458 4878 551 4950 inter
576 4876 713 4966 plures,
740 4873 888 4944 alterum
910 4869 955 4938 ab
976 4869 1086 4938 altero
1111 4866 1242 4950 doceri,
1291 4863 1353 4936 xit
1371 4860 1495 4946 Deus,
1521 4865 1611 4940 Non
1626 4878 1677 4938 est
1690 4866 1825 4938 bonum
1841 4861 2024 4938 hominem
2043 4891 2118 4940 esse
2140 4866 2263 4939 solum

263 4988 413 5059 alterum
430 4978 531 5051 alteri
546 4986 669 5049 testem
685 4998 757 5046 esse
780 4970 1031 5054 invocationis,
1062 4982 1096 5039 et
1118 4992 1241 5060 specu·
1284 4967 1481 5068 sociamus
1497 4968 1532 5039 ei
1542 4966 1784 5041 adiutorium.
1827 4965 1962 5041 Dicere
1979 4985 2096 5041 autem
2115 4967 2182 5041 boc
2198 4975 2268 5042 loc

263 5089 338 5160 lum
350 5086 391 5156 'ac
405 5078 621 5153 hortatorem
635 5080 679 5146 ad
698 5074 816 5146 omnia
833 5073 1005 5144 virtutum
1021 5068 1148 5141 officia.
1293 5068 1482 5157 significat,
1521 5073 1683 5142 miranda
1709 5071 1879 5163 sapientia
1906 5073 2063 5158 sancire,
2104 5086 2139 5143 et
2171 5075 2259 5143 nobi

364 5184 503 5257 Marem
519 5192 634 5252 autem
647 5190 682 5249 et
695 5177 886 5248 foeminam
903 5173 1081 5258 condidit,
1106 5185 1147 5243 ut
1162 5195 1242 5242 mu·
1292 5166 1358 5240 hoc
1376 5174 1553 5244 decretum
1569 5176 1723 5243 tradere:
1751 5188 1785 5242 et
1798 5171 1875 5244 Deo
1891 5175 2023 5248 dicenti
2041 5199 2082 5245 ac
2102 5175 2246 5245 sancien

199 5351 208 5365 .
261 5307 323 5366 tua
351 5289 398 5361 sit
418 5299 453 5359 et
475 5285 602 5357 ardens
625 5273 782 5381 στοργὴ,
815 5301 921 5375 quam
952 5277 1097 5374 quidem
1126 5285 1161 5345 et
1184 5287 1241 5370 ty·
1291 5273 1607 5366 obtemperandum
1626 5298 1698 5345 esse
1717 5287 1858 5346 statuas.
