4546 5760
122 188 205 267 sss
491 160 747 273 scaram
768 176 854 267 'an
886 186 1191 267 uramur
1224 186 1463 266 aaaron
1494 190 1793 276 musanen.
2081 208 2157 282 aaa

123 388 231 459 opus.
282 360 402 461 Atque
415 368 597 440 recordari
618 392 656 439 se
678 368 873 440 multorum
894 366 1029 452 siebat,
1055 364 1118 460 qui
1169 360 1236 435 hac
1258 388 1331 436 una
1354 368 1399 436 de
1420 390 1523 437 causa
1551 371 1781 463 sequentibus
1801 373 1927 444 diebus
1950 376 2051 447 abire
2073 406 2092 449 a
2119 404 2155 449 se

124 490 203 541 sno·
217 482 379 561 tempore
399 470 473 543 vita
495 486 614 565 erepta
636 484 784 543 eventus
800 470 925 561 ²tristes
939 468 1117 540 declinas-
1168 468 1334 554 iubebat,
1360 468 1423 563 qni
1446 469 1554 539 oflicii
1577 494 1681 543 causa
1703 478 1849 545 adeum
1864 476 2050 550 visendum
2067 506 2155 550 con·

115 583 223 653 sent,
249 570 298 643 ad
314 572 440 643 mortis
463 586 582 644 tamen
604 586 777 645 terrorem
801 573 871 643 alia
896 572 998 667 qnasi
1019 594 1116 641 arma
1168 584 1350 645 venerant.
1389 568 1467 641 Hac
1480 568 1736 664 dieEpithema
1750 578 1783 647 ei
1800 580 2006 670 parabatur,
2032 583 2154 676 inquo

117 672 278 769 ¹requiri.
317 670 367 743 Hi
381 674 490 765 igitur
503 690 580 747 tum
596 700 775 747 sermones
788 675 887 747 illius
901 678 1000 745 fuere
1016 687 1116 744 ante-
1167 694 1297 762 genere
1312 674 1415 743 valde
1430 673 1576 744 laudare
1590 677 1725 749 solebat
1744 680 1973 752 coralliorum
1986 684 2155 755 virtutem

123 798 236 873 qnam
251 777 297 846 ad
323 777 513 869 prandium
539 780 782 859 descenderet,
807 802 849 848 ex
872 802 945 871 quo
972 789 1117 870 propter
1168 788 1204 847 et
1220 776 1427 860 efficaciam,
1443 800 1549 868 quarn
1566 791 1649 849 ante
1664 802 1778 851 annos
1793 784 1921 871 viginti
1936 811 2017 856 cum
2033 809 2073 856 ex
2088 790 2152 855 de·

124 882 244 973 λῆψιν
269 897 490 970 praesentem
508 880 547 949 in
573 881 743 953 lectulum
764 895 805 951 ut
825 881 980 950 diximus
1001 880 1116 948 dedu·
1167 877 1305 949 bilitate
1340 878 1457 947 cordis
1488 880 1695 967 gravissime
1726 884 1904 957 laboraret
1936 885 2154 973 Wimariae,

121 994 202 1053 ctus
216 980 301 1055 fuit.
348 976 427 1051 Hoc
443 996 602 1074 tempore
618 984 667 1053 ita
676 978 729 1078 ¹²)
743 983 782 1051 in
797 984 888 1053 lecto
905 982 1115 1052 decumbere
1167 994 1349 1071 expertum
1391 1004 1427 1049 sc
1461 1004 1534 1049 esse
1566 985 1791 1074 praedicabat
1824 990 2154 1078 praesentissimam,

121 1081 261 1175 caepit,
284 1094 327 1153 ut
342 1076 498 1153 thoracis
517 1097 657 1157 tantum
677 1086 834 1157 vestibus
853 1084 999 1155 servatis
1020 1096 1115 1152 exte·
1166 1081 1365 1173 applicante
1378 1081 1411 1149 ei
1425 1076 1638 1173 epithemata
1657 1109 1698 1156 ex
1718 1082 1775 1157 his
1789 1086 1946 1180 Georgio
1964 1089 2153 1162 Sturciade

121 1182 241 1255 riores
273 1184 430 1279 reliquas
453 1201 615 1273 exueret,
646 1189 742 1280 quod
775 1183 924 1257 antehac
956 1184 1114 1257 interdiu
1167 1185 1304 1253 medico
1330 1184 1526 1253 clarissimo
1546 1186 1678 1279 quibus
1707 1213 1788 1258 cum
1809 1214 1893 1261 usus
1916 1192 2056 1280 fuisset,
2089 1220 2153 1286 per

114 1288 420 1379 praecedentibus
435 1283 492 1358 his
507 1290 624 1359 morbi
638 1290 764 1360 diebus
778 1291 943 1360 omnibus
958 1302 999 1359 ut
1020 1288 1114 1357 face·
1166 1287 1320 1379 quietem
1345 1286 1415 1355 sibi
1445 1286 1601 1357 oblatam
1635 1289 1743 1359 fuisse
1770 1291 1910 1365 dicebat
1940 1298 2151 1367 sententiam

121 1400 199 1475 ret,
226 1390 434 1483 persuaderi
457 1415 533 1461 non
558 1406 739 1483 potuerat,
789 1390 902 1463 lacuit
934 1391 984 1461 ita
1008 1385 1113 1459 horas
1166 1383 1381 1480 Prophetae:
1433 1385 1518 1459 Non
1536 1389 1686 1473 moriar,
1712 1395 1771 1462 sed
1793 1396 1929 1481 vivam,
1955 1411 1990 1467 et
2005 1422 2150 1467 annun·
2213 1398 2228 1419 “

121 1502 216 1577 tres,
243 1492 284 1561 in
299 1492 430 1585 quibus
445 1496 598 1565 surrexit
613 1495 798 1589 aliquoties
814 1496 858 1564 ad
876 1516 1029 1563 secessus
1049 1515 1113 1560 ne-
1167 1491 1267 1561 ciabo
1285 1515 1390 1582 opera
1404 1491 1561 1575 domini,
1587 1505 1621 1561 ct
1640 1495 1748 1584 paulo
1764 1512 1843 1587 post
1861 1521 1898 1566 se
1919 1500 2150 1573 convaluisse.

122 1594 317 1680 cessurus,
347 1594 396 1665 ita
413 1595 509 1664 enirn
533 1601 836 1683 mundus-senex,
861 1611 897 1667 et
917 1596 1055 1687 pudens
1064 1588 1112 1689 ¹³)
1165 1591 1263 1661 Haec
1283 1593 1392 1681 igitur
1416 1594 1512 1685 quod
1535 1595 1752 1666 meminisset
1774 1598 1843 1667 sibi
1865 1599 1904 1667 in
1921 1602 2073 1669 maxima
2087 1604 2151 1670 de-

122 1708 221 1779 erat,
244 1706 286 1765 ut
306 1696 431 1768 netuli
447 1698 592 1790 quidem
609 1711 767 1791 tempore
788 1724 852 1768 suo
873 1697 1113 1791 porrectiones
1166 1694 1304 1765 bilitate
1321 1696 1495 1786 profuisse
1512 1708 1618 1789 atque
1633 1697 1681 1767 ita
1698 1699 1842 1791 quidem
1868 1716 1908 1770 ut
1931 1704 2048 1771 statim
2069 1728 2151 1772 cum

121 1810 185 1867 snt
203 1796 401 1877 ministeria
415 1800 623 1894 cuiusquam
639 1796 755 1871 bacin
767 1816 866 1893 parte
880 1803 972 1870 ferre
986 1813 1112 1890 posset.
1165 1798 1430 1889 applicarentur
1438 1798 1662 1869 corroborari
1674 1822 1712 1869 se
1723 1802 1880 1881 sentiret,
1896 1814 1931 1872 et
1945 1828 2025 1873 cum
2034 1829 2152 1874 remo—

121 1894 197 1969 seo
219 1900 360 1970 circiter
381 1904 570 1972 secundam
585 1904 864 1995 pomeridianam
882 1927 962 1971 cum
984 1902 1111 1971 iterum
1164 1915 1351 1985 verentur,
1383 1899 1548 1970 debilitas
1569 1916 1783 1987 recurreret,
1835 1900 1920 1973 ldeo
1944 1917 2022 1973 tum
2043 1908 2149 1977 etiam

123 2000 357 2088 surrexisset,
382 2005 474 2073 etde
490 2006 579 2076 lecto
598 2030 710 2099 usque
732 2008 777 2075 ad
799 2008 988 2075 fenestram
1011 2002 1112 2071 cubi·
1166 2024 1208 2072 ex
1222 2002 1377 2071 coralliis
1394 2016 1428 2071 et
1444 2002 1542 2083 aliis,
1568 2027 1722 2096 quorum
1737 2028 1812 2073 non
1827 2005 1948 2075 minor
1968 2009 2013 2076 ad
2030 2032 2151 2077 corro-

122 2102 221 2189 euti,
251 2104 316 2174 ubi
337 2106 470 2177 matula
499 2106 577 2197 ipso
607 2108 655 2178 ita
689 2108 830 2179 volente
860 2107 1112 2198 deponebatur,
1165 2104 1367 2173 horandum
1396 2105 1510 2173 virtus
1540 2118 1592 2175 cst
1620 2118 1658 2175 et
1678 2106 1849 2192 efficacia,
1883 2104 2095 2198 epithemata
2118 2110 2149 2178 ci
2223 2118 2231 2131 “

123 2206 354 2297 processisset
376 2220 555 2277 revertens
571 2211 615 2278 ad
639 2211 828 2292 lectulum,
850 2233 930 2278 cum
954 2208 991 2274 in
1016 2202 1112 2275 hunc
1165 2219 1285 2295 parata
1299 2206 1417 2288 fuere,
1442 2220 1480 2274 ut
1497 2205 1670 2291 diximus,
1696 2210 1827 2299 quibus
1842 2223 1961 2301 postea
1984 2213 2151 2283 omnibus

113 2308 318 2379 -aseendere
339 2310 462 2395 vellet,
494 2311 642 2380 delicere
671 2335 752 2380 eum
772 2312 877 2393 vires¹
893 2332 1039 2401 coepere
1053 2302 1114 2401 ²⁸),
1165 2306 1282 2375 morbi
1298 2306 1423 2375 diebus
1438 2308 1668 2399 sequentibus
1685 2331 1769 2379 usus
1785 2324 1846 2380 est.
1899 2307 1956 2381 Ad
1972 2315 2149 2385 decimum

122 2408 227 2481 utin
251 2408 501 2506 scabellum¹⁵)
521 2426 603 2482 ante
625 2413 755 2483 lectum
777 2413 1014 2484 intermanus
1032 2408 1112 2479 loa·
1166 2423 1301 2479 sextu-m
1329 2405 1503 2478 Calendas
1524 2406 1633 2494 Maii,
1666 2435 1755 2502 quae
1777 2423 1830 2482 est
1849 2409 1985 2502 Aprilis
2014 2416 2151 2485 decima

125 2506 242 2583 chimi
264 2508 459 2583 Camerarii
490 2527 525 2582 et
549 2514 669 2604 generi
694 2513 842 2585 Peuceri
869 2514 1113 2599 collaberetur,
1166 2526 1260 2581 sexta
1286 2510 1380 2590 dics,
1412 2534 1491 2580 carm
1515 2510 1722 2581 surrexisset
1750 2512 1904 2585 delecto
1932 2529 1972 2586 ut
1996 2517 2150 2587 diximus

124 2614 189 2685 sed
206 2606 369 2685 celeriter
384 2610 545 2687 adhibita
568 2640 609 2687 ea
629 2616 728 2688 fuere
743 2642 833 2715 quae
857 2617 972 2688 solent
995 2628 1027 2685 et
1051 2618 1112 2687 de-
1166 2614 1306 2685 circiter
1319 2609 1443 2683 horam
1464 2616 1675 2688 matutinam
1690 2633 1871 2712 quartam,
1894 2619 2058 2711 precibus
2079 2620 2151 2689 suis

123 2716 214 2787 bent
232 2729 278 2787 ut
297 2714 520 2817 λειποψυχία
543 2735 780 2807 averteretur,
806 2747 957 2815 cumque
980 2720 1114 2817 paulis-
1166 2720 1212 2787 ad
1228 2715 1344 2788 Deum
1365 2720 1533 2809 peractis,
1557 2744 1646 2813 quas
1669 2721 1819 2791 faciebat
1841 2737 1882 2792 ut
1906 2718 2056 2794 antehac
2074 2744 2152 2791 sae-

122 2840 191 2911 per
206 2816 258 2889 ita
273 2818 391 2891 iacens
413 2844 450 2891 se
463 2823 719 2915 recollegisset,
746 2824 786 2893 in
805 2826 975 2895 lectulum
995 2836 1112 2917 postea
1166 2816 1284 2916 pc¹⁵),
1310 2821 1357 2891 ita
1373 2815 1430 2891 his
1446 2822 1562 2891 morbi
1579 2824 1705 2893 diebus
1721 2824 2005 2907 ardentissimas,
2020 2838 2055 2894 et
2069 2840 2150 2893 ante

123 2920 290 2992 sublatus
311 2936 382 3009 est,
431 2922 503 2995 Ubi
526 2926 634 2998 iacuit
658 2951 770 3021 usque
786 2932 831 2998 ad
847 2926 1026 3021 sequentis
1042 2926 1113 2996 diei
1167 2946 1290 2995 omnes
1312 2922 1460 2993 diurnas
1481 2948 1606 3015 operas
1625 2949 1725 3009 suas,
1751 2921 1825 3010 his,
1851 2940 1892 2995 ut
1908 2922 2153 2997 Christianum

111 3022 340 3093 -matusinam
357 3020 483 3095 horam
498 3028 639 3099 circiter
651 3046 825 3123 quartam.
876 3029 1024 3101 Noctem
1050 3052 1113 3099 au·
1167 3021 1350 3096 hominem
1370 3026 1484 3094 facere
1506 3050 1570 3116 par
1593 3040 1659 3111 est,
1692 3026 1847 3117 primum
1871 3041 2010 3118 tempus
2034 3028 2152 3099 dabat.

114 3138 199 3195 tem
219 3122 320 3196 illam
335 3130 578 3219 praecaeteris
593 3154 735 3222 gravem
758 3128 900 3213 habuit,
927 3134 966 3201 in
987 3156 1057 3224 qua
1082 3143 1115 3199 et
1167 3126 1234 3197 His
1257 3128 1484 3219 igiturdictis
1506 3129 1550 3198 ad
1566 3128 1686 3198 literas
1708 3126 1935 3199 Borussiacas
1961 3143 2153 3213 revertens,

124 3226 249 3295 somni
271 3250 397 3318 parum
420 3244 454 3301 et
477 3234 581 3301 tussis
605 3235 770 3317 molesta,
802 3248 835 3304 et
858 3236 954 3327 qnod
980 3235 1013 3301 ei
1036 3246 1116 3324 post
1168 3254 1258 3324 quae
1290 3231 1420 3299 addere
1445 3230 1659 3319 cogitaverat
1691 3232 1941 3322 perscribebat.
1992 3228 2069 3301 Hac
2094 3232 2152 3300 die

120 3348 377 3423 paroxysmum
392 3354 530 3423 semper
541 3335 697 3405 accidere
713 3336 867 3421 solebat,
893 3337 1018 3405 urinae
1032 3335 1114 3405 mit·
1167 3330 1390 3403 Camerarius
1412 3326 1497 3399 hinc
1511 3333 1691 3401 discedere
1705 3333 1896 3421 cogitabat,
1922 3346 1963 3403 ut
1980 3334 2153 3403 constitu-

123 3430 258 3503 tendae
272 3454 395 3502 causae
409 3436 548 3527 saepius
564 3438 781 3526 surgendum
797 3439 877 3511 fuit.
928 3435 1025 3505 Haec
1045 3437 1116 3505 fuit
1167 3434 1213 3503 tis
1228 3433 1326 3501 domi
1346 3434 1452 3502 rebus
1467 3433 1620 3522 publicis
1643 3447 1676 3505 et
1693 3434 1841 3523 privatis
1857 3435 1949 3515 suis,
1977 3450 2011 3505 et
2025 3436 2153 3505 confrr-

123 3532 256 3629 quinta
276 3536 386 3629 λῆψις
406 3559 474 3628 qua
499 3538 724 3627 affligebatur
749 3554 782 3609 et
812 3538 954 3630 gravius
976 3550 1010 3607 et
1033 3538 1115 3607 dlu-
1167 3546 1260 3602 mata
1285 3534 1421 3602 familia
1440 3528 1509 3602 huc
1526 3559 1633 3626 quam
1652 3534 1807 3625 primum
1828 3536 1944 3605 redire
1959 3551 2094 3626 posset,
2120 3551 2153 3609 et

125 3634 203 3707 tius
222 3658 330 3727 qnam
357 3637 431 3706 ulla
459 3662 501 3707 ex
527 3641 834 3730 praecedentibus,
860 3640 1003 3711 duravit
1020 3638 1115 3709 enim
1168 3658 1311 3705 manere
1327 3660 1407 3704 cum
1421 3637 1714 3717 necessariosuo,
1741 3638 1912 3730 dumque
1937 3661 1992 3707 res
2008 3662 2153 3709 evasura

121 3735 245 3806 morbi
263 3760 493 3832 paroxysmns
507 3764 619 3835 nsque
635 3745 678 3811 ad
695 3744 879 3833 septimam
895 3744 1005 3811 ferme
1019 3741 1117 3813 illius
1169 3750 1269 3823 esset,
1284 3737 1448 3826 cognosci
1463 3742 1590 3828 posset,
1605 3752 1638 3809 ct
1647 3737 1809 3809 soliditas
1817 3739 1988 3829 corporis,
2003 3756 2037 3812 et
2053 3764 2154 3832 prae-

122 3838 201 3909 diei
216 3841 476 3931 vespertinam,
503 3858 542 3916 ut
558 3856 646 3914 esset
663 3839 833 3915 horarum
858 3846 901 3913 ad
925 3844 1116 3913 minimum
1170 3840 1356 3932 cipuorum
1382 3838 1627 3909 membrorum
1644 3840 1811 3926 firmitas,
1833 3842 1970 3911 cerebri
1992 3842 2155 3933 inprimis

123 3940 270 4025 decsn,
293 3941 435 4034 qualem
451 3968 567 4038 neque
584 3959 683 4029 ante,
706 3969 823 4040 neque
842 3960 919 4038 post
935 3946 1043 4015 sensit
1058 3944 1117 4015 ul·
1167 3937 1261 4010 lianc
1294 3965 1391 4032 spem
1424 3942 1608 4025 afferebat,
1640 3943 1801 4011 futurum
1836 3959 1876 4013 ut
1901 3968 1981 4015 cum
2005 3944 2156 4035 septimo

123 4042 217 4115 lum.
264 4040 409 4133 Frigore
425 4045 457 4113 ei
470 4046 507 4115 in
526 4046 589 4116 illo
606 4062 703 4117 aestu
716 4048 838 4117 febrili
861 4071 986 4117 manus
1003 4057 1038 4115 et
1055 4071 1117 4138 pe·
1170 4066 1379 4137 paroxysmo
1394 4044 1520 4127 febris,
1544 4058 1584 4114 ut
1597 4044 1708 4113 ferme
1722 4045 1896 4115 tertianae
1910 4046 2037 4131 solent,
2062 4046 2156 4115 desi-

123 4144 189 4215 des
204 4142 386 4232 solebant,
412 4159 446 4218 et
465 4160 583 4219 umen
605 4150 758 4219 calorem
774 4150 954 4219 internum
978 4161 1116 4218 tantum
1170 4158 1288 4228 neret,
1321 4158 1354 4214 et
1388 4145 1549 4237 quamvis
1583 4144 1809 4216 imbecillitas
1852 4148 2037 4218 manifesta
2070 4161 2157 4223 erat,

123 4244 321 4331 sentiebat,
359 4263 401 4319 ut
429 4248 521 4320 intra
549 4252 739 4341 stragulam
767 4253 872 4343 pedes
892 4252 936 4320 ad
967 4250 1116 4319 dimidia
1171 4260 1309 4318 tantum
1341 4261 1458 4316 tamen
1491 4246 1620 4315 virium
1651 4249 1772 4317 adesse
1806 4250 2016 4340 putabatur,
2068 4272 2158 4341 quae

113 4348 263 4417 femora
287 4372 401 4443 usque
423 4375 495 4419 non
518 4368 635 4444 posset
650 4354 850 4437 continere,
876 4365 938 4423 aut
958 4366 1117 4423 contecta
1170 4350 1334 4418 morbum
1354 4361 1586 4437 praesentem,
1601 4348 1631 4419 si
1645 4372 1720 4420 non
1737 4373 1924 4442 superare,
1938 4350 2061 4419 saltem
2078 4373 2158 4419 sus-

124 4448 344 4521 essesinere.
398 4449 519 4545 ltaque
539 4469 724 4527 comesset
747 4470 788 4526 ut
800 4455 955 4524 diximus
977 4455 1118 4546 puden·
1169 4450 1283 4523 tinere
1302 4449 1439 4520 diutius
1459 4464 1618 4541 possent,
1641 4475 1724 4521 nam
1744 4452 1834 4522 sicut
1857 4449 1933 4520 fleri
1947 4452 2054 4531 solet,
2071 4452 2156 4521 dum

122 4548 303 4637 tissimus,
335 4576 451 4647 neque
482 4556 590 4648 aspici
621 4556 853 4627 nardationem
880 4557 986 4627 talem
1007 4580 1118 4641 saram,
1169 4551 1316 4643 spiritus
1331 4566 1382 4621 est
1394 4548 1459 4645 ¹⁷),
1488 4576 1567 4643 spes
1584 4578 1660 4623 non
1675 4554 1887 4644 deponitur,
1908 4566 1942 4625 et
1956 4555 2157 4624 secundum

123 4675 247 4747 neque.
261 4656 574 4727 contrectationem
590 4659 635 4728 ab
652 4658 919 4750 explorantibus
934 4659 1116 4753 quomodo
1169 4653 1301 4724 Poetae
1317 4654 1548 4724 versiculum:
1805 4662 1809 4667 '

122 4754 293 4827 affectum
327 4780 456 4847 corpus
477 4775 584 4847 esset,
618 4785 732 4855 aequo
763 4762 884 4832 animo
907 4762 1118 4853 patiebatur,
1220 4794 1319 4860 pron,
1335 4797 1552 4878 venitoupidts
1566 4800 1599 4857 pn
1615 4816 1668 4857 su,
1683 4806 1753 4855 w„
1768 4794 1848 4856 fide,
1911 4766 1915 4773 '

110 4878 240 4951 'mque
254 4859 299 4927 ”d
313 4870 508 4931 “tremum
526 4876 561 4934 et
583 4859 697 4957 (quod
713 4864 949 4935 animadverti
964 4859 1117 4959 poterat)
1170 4956 1277 5048 Quod
1308 4958 1347 5026 in
1381 4952 1447 5026 hoc
1480 4979 1563 5025 casu
1598 4955 1708 5042 magis
1737 4954 1842 5023 fiebat
1898 4978 1978 5023 cum
2014 4965 2136 5023 consta

115 4996 118 5001 Ι
1850 5006 1862 5037 ’
2141 4996 2158 5006 .

161 5118 528 5191 12)1;g‚2„„·„,„„,·„‚
1170 5075 1223 5132 ret
1246 5058 1513 5130 ardentissimas
1535 5080 1599 5147 pro
1624 5070 1768 5146 aegroto
1792 5070 1913 5127 nostro
1939 5076 2059 5146 preces
2082 5053 2158 5123 fieri

161 5204 208 5274 ld)
225 5204 276 5261 Ed.
295 5210 320 5261 1.
336 5208 480 5273 prudens,·
501 5224 532 5260 ex
547 5208 657 5263 mendo.
1170 5216 1395 5234 “⁶¹“-

161 5288 210 5357 ts)
226 5292 354 5359 coepere]
373 5288 449 5343 abest
462 5292 496 5345 sb
511 5291 554 5346 ed.
570 5294 593 5346 1.
1207 5310 1250 5376 16)
1268 5314 1368 5375 mm]
1386 5306 1436 5359 Ed,
1452 5306 1477 5359 2·
1496 5320 1617 5371 semper,

163 5376 211 5445 16)
229 5374 320 5432 ΕΜ*
344 5378 475 5430 ‘⁶⁰⁶0110·
1204 5396 1254 5464 ιγ)
1275 5397 1330 5457 en]
1346 5392 1396 5445 aa.
1408 5391 1434 5448 s.
1452 5392 1537 5441 sacae.

121 5470 305 5538 blssxsru.
322 5469 426 5535 Orsa.
454 5470 536 5535 Vos..
552 5468 599 5536 X.
1467 5460 1513 5534 15
