4546 5760
112 182 189 256 tot
467 169 726 251 SCRIPTA
759 168 834 247 ΑΙ)
870 100 1068 245 vllam
1098 162 1175 245 ΕΤ
1211 164 1452 247 OBlTUM
1485 162 1791 251 Mettum
2073 170 2151 249 tos

112 374 313 436 cernerem,
337 350 452 444 iisque
471 372 530 417 me
551 368 655 441 saepe
677 347 835 434 obleet03
861 370 903 417 ac
922 362 1025 438 spero
1048 364 1107 414 me
1157 366 1265 437 quam
1286 344 1375 415 adeo
1398 343 1468 416 luit
1487 343 1607 429 teror,
1631 348 1721 420 adeo
1744 350 1940 436 barbarus,
1964 348 2090 420 nullus
2107 348 2156 419 ita

113 467 375 545 contempora,
402 454 485 523 illos
508 451 548 521 in
573 452 673 522 beata
697 450 758 520 illa
774 450 847 520 vita
867 451 986 520 denuo
1008 446 1108 518 visu-
1158 460 1367 535 commotus,
1390 447 1542 541 quinon
1557 449 1635 521 viso
1648 452 1826 524 veletiam
1839 453 1962 524 audito
1970 446 2154 545 Philippo,

113 582 215 645 rum,
239 546 529 651 colloquaturum
547 578 587 624 ac
602 565 905 624 conversaturum.
1159 549 1279 619 statim
1302 568 1340 620 te
1360 550 1580 643 reprimeret.
1630 550 1733 643 Quin
1759 556 1867 626 etiam
1889 555 2077 627 interdum
2097 564 2153 625 tu-

1159 652 1293 722 multus
1316 652 1480 739 maximi,
1513 653 1719 728 interventu
1740 658 1978 751 praeceptoris
2006 656 2153 727 inermis

93 822 97 829 .
217 759 289 833 Sed
304 783 376 854 quo
390 782 447 829 me
464 757 597 848 abripit
610 756 782 827 affectus?
804 755 1009 830 Redeamus
1025 776 1109 845 ergo
1159 752 1320 847 dissipati
1334 768 1436 841 sunt,
1461 776 1636 851 nusquam
1651 762 1837 833 autoribus
1852 759 2150 854 comparentibus
2187 760 2190 771 “

115 867 161 938 ad
185 863 400 934 institutum.
449 857 535 930 Dixi
556 860 603 929 de
623 860 768 945 studiis,
799 872 834 929 et
856 859 1041 929 laboribus
1062 854 1108 932 D.

116 963 288 1058 Philippi,
315 986 404 1058 quos
417 962 607 1032 continuos
621 961 661 1030 in
675 963 773 1033 tenui
786 961 1010 1055 corpusculo,
1032 960 1110 1031 sine
1261 955 1403 1053 Scripta
1418 959 1495 1029 eius
1513 980 1620 1054 quam
1637 961 1741 1035 avide
1759 964 1805 1036 ab
1818 963 1987 1035 omuibus
2005 962 2081 1035 siut
2094 986 2151 1035 ex·

116 1070 191 1141 ulla
207 1066 468 1138 intermissione
483 1064 665 1149 sustinuit,
686 1064 745 1133 vix
758 1077 800 1134 ut
812 1066 985 1157 respirare
999 1064 1110 1133 licue-
1159 1059 1280 1151 petita,
1301 1073 1337 1132 et
1349 1061 1450 1148 lecta,
1468 1075 1637 1156 quantam
1651 1059 1807 1138 habeant
1821 1067 1918 1159 apud
1934 1086 2060 1137 omues
2073 1086 2150 1155 gra·
2166 1086 2171 1093 ·

117 1172 177 1242 rit.
227 1168 403 1241 Similiter
419 1181 452 1238 et
469 1168 513 1236 de
529 1167 712 1237 doctrinae
734 1190 879 1257 genere,
905 1168 1002 1261 quod
1024 1188 1110 1257 pro-
1160 1161 1265 1247 tiam,
1290 1176 1326 1233 et
1347 1164 1444 1234 bono
1467 1165 1586 1236 studio
1608 1166 1646 1235 in
1670 1168 1758 1239 alias
1781 1182 1888 1263 atque
1908 1168 1996 1241 alias
2021 1167 2150 1238 formas

116 1274 305 1345 fessusest,
340 1268 473 1343 Verum
488 1282 678 1365 antequam
693 1273 738 1339 ad
752 1269 820 1339 alia
836 1292 997 1360 pergam,
1023 1267 1110 1338 Stu-
1160 1265 1321 1336 certatim
1343 1280 1498 1352 mutata,
1523 1266 1562 1336 in
1584 1268 1672 1339 alias
1693 1271 1834 1361 linguas
1857 1272 2049 1355 translata,
2075 1268 2149 1363 quis

118 1376 237 1445 diosos
262 1373 507 1444 admonendos
536 1395 610 1441 esse
632 1372 738 1456 drrxi,
771 1385 812 1441 ut
834 1371 993 1462 exemplo
1019 1367 1111 1440 tanti
1145 1368 1249 1443 ,adeo
1270 1390 1395 1438 coecus
1416 1380 1488 1449 est,
1513 1382 1553 1439 ut
1578 1392 1653 1440 oon
1676 1372 1819 1444 rideat?
1869 1372 1995 1463 Quum
2015 1370 2073 1441 vel
2088 1395 2149 1443 nu-

118 1478 207 1562 viri,
231 1501 269 1547 se
290 1478 335 1544 ad
350 1474 573 1564 diligentiam
594 1474 633 1543 io
649 1475 801 1551 dicendo
819 1474 1051 1557 exsuscitent,
1077 1484 1112 1542 et
1162 1492 1244 1539 meu
1266 1465 1514 1540 Melanthonis
1541 1495 1616 1543 oon
1637 1475 1753 1545 solum
1775 1474 1869 1568 apud
1896 1495 1982 1545 suos
2003 1494 2149 1559 sacrum,

118 1581 317 1652 adlabores
334 1576 828 1670 perferendosadsuelaciant.
918 1630 921 1636 .
1161 1573 1223 1641 sed
1245 1572 1352 1642 etiam
1372 1568 1536 1643 hostibus
1556 1577 1759 1647 venerabile
1789 1577 1846 1648 sit.
1910 1573 1990 1649 Rex
2013 1573 2149 1646 Galliae

1161 1672 1370 1745 Franciscus
1400 1676 1525 1744 audire
1555 1698 1658 1764 eum,
1692 1693 1727 1750 et
1757 1680 1920 1750 conferre
1942 1677 2149 1749 desideravit

133 1782 136 1788 ’
222 1777 499 1853 Themistoclem
539 1779 668 1851 dixisse
705 1780 889 1865 scribitur,
934 1775 1111 1848 Miltiadis
1161 1800 1241 1847 cum
1257 1777 1345 1868 ipso.
1379 1774 1477 1848 Haec
1490 1800 1572 1848 vere
1588 1774 1730 1852 heroica
1744 1796 1842 1869 sunt,
1862 1796 1929 1853 nec
1942 1780 2012 1853 ulli
2028 1780 2149 1853 trium·

120 1880 351 1978 Trophaeum
374 1907 449 1953 non
479 1882 615 1974 patitur
636 1907 693 1952 me
715 1883 872 1952 dormire
894 1902 1010 1975 neque
1036 1900 1111 1949 ces-
1162 1874 1225 1972 phi
1241 1880 1320 1972 plus
1336 1873 1464 1951 habeat
1478 1903 1582 1952 verae
1596 1884 1724 1958 laudis.

120 2012 208 2060 sare.
259 1985 335 2056 Nec
349 2008 417 2054 nos
431 2007 513 2074 ergo
528 1985 619 2055 tanti
634 1984 703 2053 viri
718 1986 859 2069 laudes,
885 1983 1039 2053 eruditio
1053 1981 1112 2050 in-

120 2089 248 2181 signis,
272 2101 306 2157 et
322 2109 377 2156 res
395 2086 573 2179 praeclare
591 2100 706 2177 gestae
721 2087 859 2156 ociosos
882 2107 957 2155 esse
979 2084 1112 2170 sinant,
1262 2079 1347 2153 Non
1363 2097 1481 2155 autem
1498 2080 1655 2156 humana
1678 2087 1875 2173 industria,
1901 2108 1967 2157 nec
1981 2086 2071 2157 solis
2087 2082 2149 2157 hu-

120 2195 180 2263 sed
195 2189 386 2282 ignaviam,
411 2188 645 2274 oscitantiam,
671 2203 705 2261 et
722 2203 904 2260 veternum
923 2188 1112 2257 excutiant.
1163 2182 1278 2253 manis
1292 2186 1449 2273 viribus,
1474 2200 1509 2257 et
1529 2190 1689 2259 consiliis
1709 2191 1887 2260 foeliciter
1901 2190 2039 2281 regitur
2051 2212 2149 2261 roca-

120 2293 242 2387 Neque
258 2292 354 2360 enim
369 2292 414 2360 ad
428 2291 545 2360 ocium
561 2316 739 2377 vocamur,
756 2314 836 2361 cum
853 2291 908 2360 vel
923 2292 966 2359 ad
983 2290 1112 2367 studia,
1162 2287 1233 2368 tio,
1257 2301 1319 2358 aut
1335 2290 1501 2360 salutaria
1512 2290 1614 2360 fiunt.
1655 2290 1726 2362 Sed
1744 2292 1921 2384 peculiare
1934 2288 2004 2361 Dei
2021 2296 2150 2363 donum

119 2396 177 2466 vel
205 2396 249 2464 ad
275 2390 452 2463 Ecclesiae
476 2392 841 2477 administrationem,
875 2393 932 2460 vel
959 2390 1112 2460 docendi
1162 2403 1231 2474 est,
1254 2390 1292 2457 in
1308 2393 1564 2480 gubernatione
1579 2395 1767 2478 autoritas,
1790 2407 1826 2466 et
1837 2408 1986 2464 eventus
2000 2394 2149 2467 loelices.

119 2520 251 2569 munus
267 2497 306 2566 in
328 2490 458 2566 scholis
476 2489 699 2567 adhibemur.
751 2495 841 2565 Nam
857 2494 974 2563 ocium
993 2493 1112 2563 litera·
1163 2491 1313 2561 Paratur
1334 2495 1480 2586 quidem
1501 2495 1672 2565 autoritas
1693 2497 1819 2566 eximia
1842 2496 1991 2588 pietate,
2016 2498 2152 2583 virtute,

40 2634 46 2651 ·
105 2601 234 2685 rium,
260 2600 356 2694 quod
375 2599 425 2667 sic
445 2597 592 2680 dicitur,
617 2620 691 2665 non
717 2610 767 2667 est
791 2596 958 2685 ignavum
981 2594 1113 2677 ocium,
1164 2595 1373 2686 prudentia,
1400 2609 1434 2666 et
1450 2596 1667 2667 eruditione:
1696 2597 1830 2667 Verum
1849 2614 2075 2683 necessust,
2100 2601 2152 2671 di-

120 2718 163 2773 ut
181 2698 351 2772 Centauri
375 2698 544 2768 nonnulli
568 2698 748 2778 iudicant,
783 2698 844 2791 qui
868 2721 950 2767 suos
972 2709 1111 2768 tantum
1164 2697 1298 2767 vinitus
1313 2698 1352 2767 in
1363 2692 1551 2768 bominum
1568 2700 1697 2769 animis
1715 2701 1790 2769 lieri
1806 2701 2093 2784 inclinationem,
2116 2717 2153 2775 ut

120 2804 262 2874 labores
276 2801 549 2891 magnifaciunt,
575 2799 727 2871 alionum
742 2825 845 2886 vero,
870 2823 959 2894 quos
975 2821 1040 2870 nec
1055 2798 1114 2868 in·
1163 2811 1255 2869 recte
1275 2814 1459 2871 monentes
1473 2800 1642 2891 diligant,
1667 2803 1938 2893 magnifaciant,
1963 2816 1998 2875 et
2019 2820 2153 2898 optem·
2183 2844 2190 2893 a

120 2905 307 2994 telligunt,
339 2926 405 2972 nec
432 2913 609 2992 praestare
635 2914 803 2994 possunt,
834 2915 1045 2985 extenuant,
1078 2913 1115 2972 et
1165 2914 1300 2993 perent.
1350 2897 1454 2993 Opus
1482 2914 1533 2973 est
1559 2904 1683 2974 divino
1706 2905 1838 2975 auxilio
1862 2905 1901 2974 in
1924 2907 2049 2979 dando
2072 2900 2186 2979 con-³

121 3004 365 3080 contemnunt.
416 3004 487 3076 Sed
511 3004 706 3075 maximum
724 3018 796 3090 est,
823 3019 857 3075 et
877 3004 1113 3075 laboriosissi-
1163 3004 1262 3089 silio,
1286 3017 1321 3073 et
1334 3004 1550 3074 successibus
1567 3005 1795 3078 salutaribus.
1840 3005 1938 3077 Haec
1952 2964 2187 3103 saepissime!

120 3132 219 3180 mum
242 3108 440 3196 negocium.
493 3103 649 3176 Intentio
669 3108 763 3176 enim
781 3106 911 3191 animi,
944 3107 1113 3187 studium,
1163 3128 1204 3176 ex
1219 3129 1282 3175 ore
1297 3106 1427 3197 ipsius,
1453 3101 1518 3175 hac
1531 3104 1735 3179 Salomonis
1749 3110 1924 3180 sententia
1941 3113 2154 3200 confirmari,
2183 3096 2190 3199 ¹,

121 3211 307 3283 assiduitas
331 3210 370 3279 in
393 3208 566 3292 lectione,
592 3222 626 3279 et
645 3208 896 3294 meditatione,
922 3220 956 3279 et
977 3221 1017 3278 ut
1038 3232 1113 3278 uno
1163 3209 1287 3278 audire
1310 3231 1365 3277 me
1380 3209 1546 3294 memini,
1571 3223 1613 3280 ut
1631 3212 1755 3281 oculus
1770 3212 1905 3298 videat,
1931 3224 1968 3283 et
1980 3216 2081 3288 auris
2095 3240 2154 3288 au·
2183 3240 2190 3327 p

120 3314 231 3383 verbo
246 3312 382 3395 dicam,
408 3307 557 3379 Maximi
578 3310 718 3381 labores
738 3312 970 3405 requiruntur
986 3311 1032 3380 ab
1046 3304 1113 3397 his,
1163 3310 1255 3396 diat,
1279 3304 1377 3380 Deus
1399 3311 1483 3382 iacit
1498 3324 1706 3406 utrumque,
1731 3308 1800 3383 hoc
1818 3326 1889 3396 est,
1916 3329 1957 3386 ut
1978 3318 2154 3407 guberua-

122 3415 186 3509 qui
207 3414 246 3482 in
265 3407 395 3484 scholis
414 3425 619 3498 versantur,
644 3427 679 3482 et
696 3414 752 3482 vel
769 3412 949 3498 discendi,
973 3413 1031 3482 vel
1048 3413 1114 3483 do-
1163 3427 1256 3483 tures
1279 3414 1467 3503 prudentia
1492 3415 1682 3498 excellant,
1698 3416 1853 3486 loturos
1877 3440 1979 3487 casus
2008 3420 2153 3495 et'mala

121 3517 226 3589 cendi
242 3538 388 3585 munere
403 3514 612 3603 funguntur.
664 3509 802 3597 Omnes
818 3509 968 3587 Scholae
987 3514 1114 3605 ingen·
1163 3515 1377 3606 provideant
1383 3570 1393 3601 ,
1418 3528 1454 3585 et
1473 3539 1542 3609 qua
1567 3517 1705 3585 ratione
1725 3517 1799 3587 illis
1822 3522 2087 3595 occurrendum
2103 3522 2153 3609 sit,
2184 3544 2190 3615 t

120 3621 170 3691 tia
193 3640 320 3701 onera,
345 3640 419 3685 non
445 3616 663 3686 inducendo
689 3631 849 3702 tantum,
874 3631 908 3689 et
932 3617 1114 3703 discendo,
1164 3618 1376 3706 intelligant,
1401 3614 1449 3686 Et
1464 3631 1504 3686 ut
1522 3619 1676 3708 populus
1692 3621 1824 3705 audiat,
1850 3626 2152 3721 atqueobtempe·
2185 3680 2189 3715 ,

122 3723 182 3792 sed
199 3722 304 3791 etiam
320 3719 358 3787 in
375 3717 518 3787 iudiciis
532 3720 576 3788 de
590 3720 815 3809 dogmatibus
835 3732 871 3789 et
885 3719 1113 3790 diiudicatio·
1162 3733 1236 3805 ret,
1262 3730 1455 3813 utrumque
1467 3720 1578 3789 solius
1595 3717 1663 3791 Dei
1678 3722 1889 3794 beneficium
1905 3746 1994 3801 esse.
2185 3718 2189 3727 ’

44 3866 50 3875 -
121 3825 230 3895 nibus
253 3820 595 3906 controversiarum,
625 3846 716 3915 quae
747 3822 831 3891 inde
860 3833 1047 3911 petuntur,
1079 3833 1113 3892 et

121 3927 201 3996 aliis
225 3923 423 3994 innumeris
445 3922 732 4010 difficultatibus,
756 3946 843 4017 quas
866 3946 940 3992 non
962 3924 1030 3992 nisi
1053 3948 1113 3993 ex·
1265 3919 1339 3991 lam
1355 3922 1461 3993 etiam
1475 3926 1648 4018 quaedam
1665 3928 1710 3995 de
1725 3927 1864 4017 privata
1879 3929 1971 4017 vita,
1997 3944 2035 4004 et
2047 3930 2151 4003 mori-

121 4028 214 4120 perti
246 4025 473 4116 intelligunt,
503 4024 692 4096 sustinent.
753 4024 874 4115 Quare
903 4026 1040 4109 studio,
1078 4038 1114 4096 et
1163 4019 1289 4093 busD.
1306 4019 1466 4117 Philippi
1488 4027 1708 4097 subiicienda
1731 4052 1805 4099 esse
1828 4031 1953 4118 video,
1979 4036 2081 4129 prod
2100 4035 2151 4105 la·
2185 4104 2190 4117 ,

19 4164 28 4179 =
120 4128 305 4220 diligentia
321 4128 359 4196 in
373 4122 502 4197 scholia
516 4149 606 4219 opus
622 4142 673 4199 est
688 4128 910 4212 inducendo,
927 4128 1112 4199 etdiscen·
1162 4126 1252 4195 ciam
1274 4125 1447 4213 breviter,
1471 4152 1545 4199 non
1561 4131 1657 4223 quod
1681 4154 1793 4222 pauca
1815 4134 1904 4218 sint,
1928 4156 2023 4228 qtrae
2038 4130 2150 4209 dehis
2186 4130 2190 4219 ,³

80 4304 83 4309 ,
122 4232 188 4311 do,
215 4245 255 4301 ut
269 4229 466 4298 doctrinam
486 4228 637 4298 solidam
659 4254 921 4321 comparemus,
948 4244 981 4301 et
998 4233 1041 4300 ad
1060 4233 1112 4301 la·
1163 4223 1360 4299 honorifice
1375 4229 1444 4300 dici
1462 4232 1613 4321 possint,
1638 4234 1698 4301 sed
1716 4257 1762 4302 ne
1784 4235 1988 4325 prolixitate
2005 4234 2151 4311 Oratio-

122 4334 226 4403 bores
243 4332 409 4401 ferendos
425 4353 491 4401 uos
504 4353 765 4423 praeparemus.
818 4376 823 4388 ·
1162 4330 1217 4399 nis
1241 4332 1410 4403 molestus
1433 4333 1517 4402 sim:
1547 4333 1704 4404 Tametsi
1729 4337 1889 4423 conlido,
1914 4339 2018 4413 nulla
2040 4362 2150 4439 quau·

1160 4435 1293 4503 tumvis
1314 4434 1421 4525 longa
1437 4431 1614 4508 Oratione
1635 4438 1681 4507 de
1699 4449 1798 4509 tanto
1821 4440 1900 4510 viro
1925 4443 2069 4516 animos
2087 4466 2149 4515 au·

223 4532 295 4604 Nec
319 4533 444 4603 inanes
466 4544 526 4602 aut
551 4532 643 4605 irriti
663 4536 761 4605 fuere
785 4531 892 4607 huius
916 4535 984 4606 viri
1008 4559 1112 4627 prae-
1161 4535 1318 4605 diturum
1340 4537 1503 4608 exsatiari
1525 4561 1637 4629 posse.
1686 4537 1757 4610 Hic
1781 4564 1867 4612 vero
1890 4542 2147 4621 tatioimosdta

121 4636 207 4707 clari
222 4648 386 4722 conatus,
411 4648 446 4706 et
458 4634 616 4717 labores,
642 4638 700 4706 sed
718 4638 929 4728 gubernatio
948 4633 1112 4725 Scholae,
1160 4638 1267 4707 vendi
1280 4662 1425 4730 campus
1440 4664 1477 4710 se
1492 4637 1582 4710 mihi
1594 4642 1718 4732 aperit.
1769 4640 1877 4732 Quod
1901 4646 1930 4714 si
1952 4670 2020 4738 pro
2036 4646 2147 4739 digni·

120 4762 212 4835 quae
241 4760 379 4829 semper
408 4736 448 4807 in
477 4737 629 4809 maximo
657 4754 731 4813 erat
759 4741 867 4824 flore,
893 4740 999 4812 foelix
1030 4741 1109 4814 suit.
1160 4752 1232 4811 tate
1253 4740 1401 4813 virtutes
1423 4742 1493 4811 viri
1514 4745 1736 4829 tractandae,
1767 4755 1803 4816 et
1827 4747 1967 4818 meritis
1987 4750 2146 4823 laudibus

120 4838 323 4911 Autoritate
337 4862 472 4909 summa
489 4840 664 4932 pollebat,
691 4854 732 4914 ut
747 4867 868 4914 ornnes
882 4862 953 4913 tam
970 4843 1111 4930 summi,
1159 4844 1340 4913 ornandae
1364 4857 1498 4930 essent,
1527 4845 1635 4915 nimis
1658 4847 1750 4918 foret
1766 4846 1958 4941 prolixum.
2011 4850 2145 4925 ldeoia

119 4965 227 5036 quam
250 4940 369 5010 infimi
385 4940 538 5013 libenter
553 4959 815 5038 praeceptorem
834 4968 1058 5017 communem
1076 4959 1111 5018 et
1159 4969 1269 5039 pauca
1284 4941 1504 5018 contraham.

118 5056 287 5114 vocarent
310 5053 345 5111 et
367 5058 613 5134 agnoscerent,
646 5070 782 5118 summa
805 5047 1052 5134 observantia,
1074 5061 1111 5119 et

118 5145 314 5216 reverentia
332 5168 408 5215 non
422 5166 519 5216 secus
535 5169 576 5217 ac
589 5162 772 5242 parentem
786 5150 962 5237 colerent,
989 5149 1108 5220 moni·
1260 5147 1346 5221 Fuit
1357 5150 1397 5219 in
1414 5142 1484 5221 hoc
1499 5150 1578 5222 viro
1597 5155 1771 5225 excellens
1792 5155 1925 5250 pietas,
1949 5180 2021 5254 qua
2036 5152 2145 5233 mont

117 5248 163 5320 tis
176 5238 292 5342 ipsius
307 5246 461 5319 libenter
476 5249 775 5344 obtemperarent.
827 5250 899 5322 Nec
919 5253 1017 5325 ullus
1036 5276 1107 5324 un·
1157 5272 1199 5322 ex
1219 5253 1330 5323 verbo
1352 5274 1417 5324 suo
1437 5276 1522 5324 vere
1537 5256 1700 5347 agnovit,
1722 5271 1758 5330 et
1775 5260 1959 5352 amplexus
1972 5275 2028 5336 est
2043 5276 2145 5335 totam
