4546 5760
1365 61 1389 96 ἱ
1485 97 1487 101 ,

111 174 186 250 cnr
507 92 518 117 .
721 125 733 152 ⁸
890 113 1361 240 nanentennnnn.
2073 176 2132 248 aaa

244 342 460 427 ,‚distinctae,
490 358 588 423 opera
608 346 644 401 et
661 337 768 403 studio
789 337 833 400 111.
857 335 990 401 leatania
1010 333 1201 417 nicharon,
1231 340 1254 400 l.
1273 335 1311 398 C.
1334 346 1368 398 et
1390 336 1614 401 Mathematici
1638 339 1939 420 Argentoratensis.
1992 335 2134 405 Temusl.

243 423 524 512 „Philosophiana
577 423 660 487 Cum
680 426 784 506 gratia
806 435 839 485 et
861 423 1028 504 privilegio
1051 423 1228 486 Caesareo.
1273 424 1501 505 Argentorati,
1528 424 1723 488 hxcudebat
1745 425 1953 490 Theodosius
1978 425 2136 490 l'aihelinaJ'
2173 450 2175 475 ÷

244 516 310 578 788
325 531 424 595 pagg.
445 513 476 575 8.
498 547 541 559 -
585 512 707 574 'l'omns
724 510 766 570 tt.
788 505 940 571 Medicus
963 528 1001 572 nc
1020 505 1201 587 lrtridicnr,
1229 506 1302 569 ibid.
1349 509 1413 570 871
1434 527 1535 591 pagg.
1567 511 1598 572 8.
1621 546 1664 559 --
1714 511 1837 575 Tonans
1855 511 1914 573 lll.
1935 508 2136 595 ¹Tlreologienr.

244 600 322 662 lbid.
338 610 369 661 et
387 597 472 679 apud
492 595 639 659 eundem.
682 594 749 656 861)
765 613 864 675 pagg.
887 596 920 656 8.
1298 644 1302 651 „

118 705 253 784 Armua,
285 720 347 784 quo
371 699 555 782 prodierunt
579 699 610 760 hi
633 699 728 778 tomi,
758 717 819 758 non
844 697 1027 775 adscriptus
1051 704 1121 773 est,
1148 693 1206 757 sed
1224 693 1410 776 prodierunt
1430 714 1512 756 anno
1528 693 1620 760 1570.
1665 696 1752 760 Nam
1771 698 1911 779 epistola
1927 699 2138 783 nuncupatoria

121 790 213 850 'l'orm
229 790 253 850 1.
268 788 307 849 ad
322 789 527 867 Augustum,
549 785 671 846 Ducem
689 784 854 846 Saxoniac
870 782 975 843 Elect.
992 781 1066 844 data
1081 791 1134 844 est
1148 780 1177 843 d.
1196 781 1226 842 8.
1243 778 1379 842 Calend.
1395 780 1508 871 Septh.
1528 780 1626 863 1570,
1658 784 1797 865 epistola
1821 787 2051 866 nuncupatoria
2064 785 2138 848 'loni

120 874 162 936 ll.
183 873 222 934 ad
245 870 444 934 llridcrienm
465 869 645 932 Palatinum
662 869 768 930 Rheni
788 866 1141 934 ostimentum
1157 886 1207 947 ep.
1222 866 1452 945 nuncupatoria
1466 867 1504 928 Τ.
1518 866 1575 928 lll.
1597 867 1637 930 ad
1654 870 1857 931 landericum
1873 872 1897 933 l.
1921 869 2049 934 Ducem
2061 869 2136 934 wn-

121 961 381 1039 temhcrgensem
400 955 429 1018 d.
444 955 474 1017 4.
492 954 562 1016 Cal.
578 955 692 1037 Septh.
710 954 803 1016 1570.
826 986 864 997 -
910 953 945 1013 ln
960 951 1011 1012 his
1026 952 1173 1032 epistolis
1189 949 1382 1012 Richardins
1397 953 1592 1033 subscripsit
1608 974 1724 1016 nomen
1741 972 1835 1017 strum
1850 956 1914 1020 sic:
1938 956 2017 1039 „hh
2031 953 2135 1020 lodon-

8 1077 13 1085 ·
119 1063 174 1106 nca
188 1040 405 1124 llicdnrdins,
427 1041 508 1102 alias
529 1036 720 1121 lisirrdclina,
744 1038 768 1099 l.
787 1037 824 1100 C.
841 1048 875 1100 et
892 1038 1143 1100 Mathematicus
1156 1033 1475 1117 Argentoratensis.’'

247 1158 411 1238 Repetivit
427 1157 532 1218 onrnia
546 1156 768 1218 Melantlronis
784 1173 869 1239 qnae
885 1155 998 1216 'l'omis
1013 1155 1153 1235 quinque
1168 1152 1317 1214 editionis
1330 1153 1481 1234 principis
1496 1156 1718 1235 continentur,
1741 1175 1804 1218 non
1819 1158 1925 1220 solunt
1940 1158 2135 1222 declamatio·

119 1263 197 1323 nes,
218 1243 277 1305 sed
294 1244 390 1303 etiam
404 1243 620 1304 oratiunculas
640 1242 823 1321 breviores,
847 1241 1072 1321 quaestiones,
1094 1239 1333 1321 praelationes,
1364 1239 1522 1318 epistolas
1540 1250 1573 1300 et
1586 1242 1735 1304 carmina.
1782 1243 1908 1324 Ubique
1921 1254 2082 1324 sequutus
2101 1251 2136 1304 eat

118 1341 244 1392 textum
260 1327 408 1390 editionis
425 1327 595 1409 principis,
618 1346 729 1408 aqna,
754 1337 882 1409 practer
897 1325 1058 1407 ordinem,
1080 1346 1142 1387 non
1160 1323 1277 1386 dillert.
1796 1339 1797 1348 ¹

246 1444 369 1505 Postea
389 1440 535 1506 Decidat
549 1439 745 1523 (idcircone,
770 1443 991 1506 hlelanthonis
1013 1440 1192 1524 discipulus
1212 1450 1245 1503 et
1264 1436 1440 1502 Professor
1459 1439 1490 1501 in
1504 1440 1682 1506 Academia
1696 1443 1938 1527 Romechium,
1966 1445 1999 1506 in
2012 1444 2136 1508 consiliit

120 1532 250 1612 habuit,
273 1547 386 1591 omnes
404 1532 531 1590 omnino
547 1531 708 1591 crationes
722 1528 942 1592 hlelanthonis
955 1528 1130 1610 colligere,
1152 1544 1265 1588 omnes
1287 1524 1433 1587 eiusdem
1456 1530 1633 1606 argumenti
1655 1530 1871 1612 coniungere,
1893 1539 1928 1591 et
1948 1530 2138 1592 occasionem

117 1629 151 1679 et
174 1616 276 1695 diem,
305 1634 368 1695 qua
390 1633 558 1696 quaequae
582 1616 714 1676 recitata
736 1612 831 1676 luerit
851 1612 988 1696 addere3
1018 1613 1077 1675 sed
1099 1613 1162 1674 bec
1182 1611 1383 1694 propositum
1404 1630 1466 1672 non
1488 1623 1694 1692 exsequutus
1716 1625 1788 1694 est,
1817 1624 1852 1677 et
1866 1616 1943 1677 nihil
1955 1614 2074 1695 prodiit
2092 1614 2142 1677 nisi

117 1700 274 1782 praelatio
291 1702 340 1761 sic
354 1700 525 1781 inscripta:
550 1695 772 1780 „Adhortatio
788 1699 828 1762 ad
844 1698 1016 1761 Orationes
1031 1697 1091 1760 Ph.
1108 1698 1184 1759 hlei.
1202 1698 1292 1759 velut
1304 1696 1491 1759 thesaurum
1508 1698 1685 1778 sapientiae
1699 1716 1739 1761 ac
1758 1701 1965 1781 eloquentiae
1986 1703 2156 1783 incompa··

116 1787 252 1848 rabilem
268 1785 440 1867 diligenter
458 1796 491 1847 et
507 1795 630 1847 attente
644 1783 813 1866 legendas.
854 1782 1013 1846 Rostoch.
1035 1783 1145 1846 1591.”
1188 1783 1219 1844 8.
1264 1782 1340 1862 11ρ1.

245 1901 379 1963 Nostris
394 1899 535 1984 deniqne
550 1901 746 1982 temporibus
764 1899 898 1963 Clarias.
913 1897 1149 1962 Fridemennna
1164 1898 1301 1960 tentavit
1317 1896 1574 1961 declamationes
1589 1898 1668 1963 Mel.
1683 1901 1798 1964 iterum
1815 1901 1927 1964 edere:

201 2003 369 2085 „Philippi
387 2004 466 2066 blel.
480 2004 641 2066 orationes
663 2005 806 2065 selectas
826 2001 867 2065 ad
889 2000 1105 2063 renovandam
1127 2002 1187 2064 viri
1205 2001 1394 2065 immortalis
1416 2002 1621 2086 memoriam,
1644 2004 1749 2067 denno
1773 2004 1871 2068 edidit
1886 2002 2014 2067 Frider.
2036 2001 2143 2087 Trana

203 2133 224 2168 ‚,
234 2085 476 2151 fridemnnnne.
501 2088 575 2150 Vol.
592 2091 616 2149 l.
641 2089 764 2152 Witcb.
785 2088 900 2152 18an
926 2085 990 2152 tta
1003 2104 1101 2171 pagg.
1118 2088 1149 2150 8.
1165 2085 1216 2169 (in
1231 2106 1294 2170 quo
1308 2087 1474 2150 volumine
1488 2085 1600 2151 decem
1616 2107 1756 2154 recusae
1772 2101 1849 2154 sunt
1862 2088 2139 2173 declamationes),
2170 2076 2175 2185 J

119 2174 178 2236 sed
193 2184 324 2262 praeter
337 2175 400 2236 hoe
413 2174 570 2237 volumen·
579 2175 655 2237 nihil
671 2173 795 2256 prodiit.

247 2287 341 2366 Quod
356 2291 395 2353 ad
411 2289 555 2353 ordinem
568 2291 744 2354 orationum
759 2291 890 2371 attinet,
911 2307 996 2370 ego,
1017 2298 1052 2351 nt
1077 2287 1234 2370 epistolas
1257 2299 1291 2353 et
1313 2291 1453 2354 carmina
1465 2289 1704 2370 hlelanthonis,
1726 2290 1774 2353 sic
1788 2293 1887 2354 etiam
1901 2290 1975 2355 eins
1992 2292 2146 2355 oratiomt

51 2381 53 2385 ‘
119 2372 192 2436 dedi
215 2374 393 2438 secundum
417 2377 534 2439 seriem
555 2396 726 2454 annornm,
755 2378 869 2458 quibus
890 2375 1020 2438 habitae
1039 2385 1123 2438 sunt.
1166 2375 1243 2436 Non
1258 2375 1363 2448 solum
1379 2377 1464 2438 enim
1478 2377 1616 2439 omnium
1636 2374 1705 2438 iere
1727 2379 1922 2456 orationum,
1946 2376 2146 2460 paucissimis

44 2470 49 2476 ·
119 2462 267 2541 exceptis
289 2480 395 2524 annus
411 2464 541 2525 nativus
558 2471 647 2524 certo
663 2461 785 2525 deliniri
800 2460 918 2542 potnit,
941 2461 1002 2524 sed
1021 2462 1157 2524 interest
1171 2463 1267 2525 etiam
1281 2461 1383 2540 seire,
1406 2479 1469 2543 que
1484 2480 1568 2524 anno
1587 2480 1754 2546 quaequae
1770 2462 1880 2526 habita
1893 2465 1952 2543 sit,
1973 2471 2009 2525 et
2021 2480 2065 2524 an
2077 2461 2146 2525 lde·

118 2544 282 2608 lanthonis
295 2548 422 2610 iuvenis
437 2567 477 2610 an
492 2567 569 2609 vero
585 2548 675 2609 senis
691 2548 866 2610 orationem
881 2546 986 2628 legas.
2032 2571 2033 2574 ¹

246 2660 340 2725 Ilncc
362 2660 401 2724 de
420 2661 622 2727 nrattmttm
642 2658 771 2726 Nostri.
816 2662 980 2743 Superest
999 2672 1034 2725 nt
1047 2662 1168 2808 paucis
1189 2661 1333 2727 dicamus
1353 2662 1394 2725 de
1413 2659 1653 2748 precationibus
1675 2663 1880 2726 academicis.
1923 2662 2049 2728 Eamm
2069 2660 2175 2729 baed-

116 2765 242 2827 paucae
256 2747 405 2829 leguntur
419 2750 449 2810 in
467 2749 591 2813 Select.
607 2748 752 2813 Declam.
770 2745 953 2811 'ht—lv.
998 2746 1045 2810 Se
1081 2746 1203 2829 primus
1225 2766 1283 2811 eas
1306 2748 1453 2832 collegit,
1476 2748 1655 2813 secundnm
1675 2768 1831 2813 annorum
1855 2749 1976 2813 seriem
1994 2740 2175 2833 disposmt'

117 2841 150 2894 et
167 2831 266 2894 edidit
282 2829 405 2894 Paulus
417 2830 560 2916 Ederae,
582 2832 761 2914 discipulus
777 2843 812 2896 et
825 2832 954 2915 collega
967 2833 1205 2912 hlelanthonis,
1227 2833 1320 2897 cuins
1333 2834 1413 2898 liber
1427 2835 1476 2897 sic
1489 2846 1543 2898 est
1557 2835 1749 2920 inscriptus:

201 2930 450 3012 „Quaestiones
468 2933 620 2997 derebus
635 2934 820 3017 cognitione
836 2933 1054 3017 dignissimis,
1076 2933 1259 3017 explicatae
1273 2936 1306 2997 in
1329 2936 1465 3017 publicis
1484 2937 1718 3018 congressibus
1739 2937 1771 2998 in
1785 2935 1965 3000 Academia
1979 2935 2143 3017 witeber-

201 3064 223 3101 „
232 3020 336 3101 gensi.
388 3020 468 3082 ltem
490 3021 588 3083 utiles
608 3021 732 3102 aliquot
750 3020 1080 3083 commonefactiones
1101 3020 1143 3081 de
1165 3018 1333 3102 disciplina
1353 3031 1386 3084 et
1406 3021 1516 3102 legum
1538 3020 1712 3104 dignitate,
1740 3023 1896 3085 recitatae
1918 3041 1938 3085 a
1958 3018 2143 3087 &etenim

201 3113 303 3184 „ante
321 3106 494 3167 lectionem
515 3114 709 3169 statutorum
725 3107 868 3187 scriptae
890 3105 1065 3187 pleraeque
1084 3124 1105 3167 a
1118 3104 1265 3187 Philippo
1281 3097 1502 3171 hlelanthona.
1546 3106 1591 3170 tet
1610 3126 1755 3172 excusae
1775 3108 1807 3170 in
1826 3105 1961 3170 officina
1981 3107 2142 3172 haeredum

202 3188 361 3273 „Georgii
376 3188 493 3254 Rhaw.
538 3191 882 3273 Witeberga01557.”
927 3188 1156 3272 1Alph.1pl.
1178 3192 1209 3253 8.
1608 3199 1614 3213 ‘

115 3303 290 3368 Praelatns
314 3306 503 3369 estEberns
524 3306 555 3367 in
577 3308 715 3389 epistola
737 3307 968 3387 nuncupatoria
991 3304 1032 3369 ad
1045 3307 1205 3369 Baronem
1219 3303 1383 3370 Adnmnm
1403 3307 1557 3390 Unpnnd,
1577 3307 1652 3372 data
1666 3308 1695 3372 d.
1707 3306 1762 3371 31.
1774 3309 1836 3372 tut.
1853 3307 1956 3387 1557,
1978 3326 2140 3392 quaerant

116 3390 194 3450 nihil
209 3392 367 3468 continet,
390 3390 474 3472 qnod
494 3390 546 3453 hic
561 3394 664 3474 repeti
680 3403 857 3473 mereatur,
877 3410 974 3473 quum
987 3395 1159 3474 praecipue
1171 3401 1322 3455 versetur
1335 3393 1367 3452 in
1389 3393 1585 3457 refutatione
1608 3393 1858 3476 calumniarum,
1880 3396 2000 3476 quibus
2012 3393 2139 3459 unciani

116 3474 169 3535 illo
184 3484 328 3557 tempore
340 3477 583 3539 hlelanthonem
599 3490 632 3541 et
646 3479 858 3540 Academiam
874 3477 1000 3540 Witcb.
1016 3477 1285 3541 contaminabant.
1328 3473 1547 3554 Quaestiones
1561 3489 1637 3560 post
1652 3498 1771 3543 annum
1788 3479 1880 3542 1557.
1899 3481 2053 3545 recitatas
2066 3477 2138 3542 dedit

116 3559 226 3623 hlaine
240 3561 270 3622 in
285 3564 387 3624 'lamo
403 3563 448 3626 V.
467 3562 754 3628 Declamationum.
799 3561 1019 3640 euaesrrones
1033 3564 1215 3644 argumenti
1232 3561 1407 3645 theologici
1424 3565 1521 3627 etiam
1535 3564 1711 3642 Penelins,
1734 3564 1793 3626 sed
1807 3567 2052 3647 praetermissis
2065 3565 2136 3631 allo·

117 3645 315 3729 entionibnS,
334 3649 366 3709 in
384 3646 537 3714 Consiliis
553 3650 775 3712 hlelanthonis
791 3649 895 3711 latinis
911 3649 1069 3731 repetivit.

959 3964 1097 3977 w-—m-vw-
1101 3959 1316 3974 --——--.-—-⁴
