4546 5760
711 143 1037 231 canum-mr
1083 141 1193 227 ern.
1219 145 1277 223 rc
1931 159 2010 247 ω,

94 319 144 395 bis
155 316 451 416 templnm'nidus
465 322 684 412 gratissimus
699 346 787 412 esse,
1009 313 1080 388 Sed
1097 315 1162 411 qui
1175 340 1252 389 non
1266 317 1394 390 metuit
1410 320 1572 393 coelestia
1588 325 1739 396 numina
1755 350 1851 414 vere,

94 438 214 496 ertum
231 427 337 496 debet
351 426 549 516 perfugium
563 448 637 495 esse
653 426 734 518 piis.
1059 415 1209 491 Ridebit
1225 421 1384 491 monitus
1397 421 1529 513 impius
1544 424 1607 495 ille
1620 451 1730 498 meos.
1761 497 1766 504 ,

94 550 144 597 tac
160 551 298 620 semper
313 528 516 622 quicunque
531 522 708 599 habitabit
722 528 870 616 interce,
1007 515 1073 590 Est
1089 545 1171 592 vere
1184 524 1351 596 metuisse
1367 521 1487 593 Deum
1500 527 1671 618 sapientia
1685 529 1811 621 prima,

94 630 151 699 liat
166 642 207 700 ut
221 631 366 710 laudes,
392 644 427 701 et
440 641 542 700 canat
555 629 630 722 ipse
644 627 725 705 Dei.
1056 619 1165 693 Hunc
1181 637 1298 694 metue
1313 624 1478 698 evenient
1494 624 1792 703 cuncta'secunda
1809 633 1890 709 tibi.
1976 622 1981 644 ⁸

94 731 141 803 iis
155 731 268 823 patria
285 744 337 803 est
351 727 509 802 Ecclesia
524 731 599 801 sola
615 733 785 825 putanda,
1006 722 1144 795 Deinde
1159 738 1297 818 patrem
1307 726 1425 813 colito,
1449 731 1677 827 monitusque
1686 735 1809 821 audito
1821 748 2000 829 paternos,

95 857 115 909 e
128 832 263 926 patriae
278 834 387 905 debes
399 833 532 919 officia,
557 833 623 904 ista
637 835 738 924 petit.
1055 823 1104 896 Et
1117 828 1224 898 iacias
1238 828 1362 898 matris
1377 829 1469 899 iussa
1487 835 1641 903 verenda
1657 847 1750 911 tuae.

94 937 116 1005 ts
131 935 204 1004 ulla
220 935 358 1005 animos
374 959 531 1028 unquam
544 935 690 1007 divellar
704 937 750 1006 ab
766 938 855 1031 ipsa,
1003 925 1166 1024 Namque
1192 929 1323 1021 probos
1351 955 1482 1023 pueros
1510 935 1606 1007 velut
1628 952 1759 1010 ornant
1781 953 1909 1036 torque
1935 965 1999 1036 pa-

94 1060 171 1109 erno
188 1038 346 1108 iunctam
360 1038 503 1106 foedere
517 1059 656 1129 semper
670 1061 760 1108 arna.
1515 1052 1646 1123 rentes,

94 1162 202 1218 amnes
218 1140 336 1209 studio
351 1138 481 1209 sociato
501 1152 701 1233 ornentque
716 1141 922 1236 iuventque,
1054 1129 1115 1204 Sic
1130 1132 1212 1204 illos
1226 1135 1384 1206 cumulat
1398 1159 1557 1208 summus
1572 1134 1708 1211 honore
1722 1156 1834 1232 pater.

94 1233 233 1324 honor,
259 1235 345 1310 baec
362 1241 491 1332 pietas,
517 1240 667 1323 credite,
681 1255 788 1331 grata
797 1240 875 1314 Deo
890 1257 953 1326 est,
1002 1229 1185 1326 Principio
1201 1231 1270 1307 boc
1284 1238 1390 1307 etiam
1407 1250 1458 1308 est
1472 1254 1567 1310 aetas
1582 1241 1723 1314 incauta
1738 1248 1927 1335 monenda,

94 1342 143 1413 oti
161 1343 346 1412 volucrum
362 1343 466 1412 nidos
482 1342 657 1413 industria
673 1345 806 1415 munit:
1053 1334 1285 1430 Praeceptum
1301 1342 1403 1409 trado
1421 1363 1495 1410 non
1511 1343 1605 1429 leve,
1629 1343 1724 1414 iussa
1740 1342 1820 1418 Dei.

94 1457 207 1514 nostra
224 1468 306 1513 cura
324 1457 374 1514 est
387 1444 451 1515 ista
468 1449 599 1514 tuenda
614 1446 753 1520 domus,
1003 1434 1117 1507 Parva
1131 1440 1182 1530 pii
1196 1464 1277 1531 pars
1286 1438 1579 1529 sunthominum‚
1606 1469 1687 1537 pars
1696 1449 1847 1520 maxima
1859 1465 1995 1540 contra,

98 1546 127 1615 is
142 1546 347 1639 quicunque
363 1547 476 1638 ipsam
493 1548 647 1616 lacerare
666 1548 816 1636 parabit,
1054 1537 1171 1627 Quam
1188 1565 1371 1637 nunquam
1391 1545 1503 1634 possis
1517 1570 1743 1633 enumerare,
1766 1554 1864 1627 mali.

94 1649 197 1741 inque
211 1649 379 1716 adversus
394 1649 525 1740 ceperit
538 1672 638 1718 arma
651 1646 779 1723 Deum.
1002 1635 1094 1712 Rem
1111 1643 1242 1737 quibus
1257 1657 1362 1738 atque
1377 1646 1483 1715 decus
1497 1649 1626 1719 scelere
1640 1664 1691 1721 est
1707 1656 1905 1745 cumulare,
1930 1683 1994 1729 vn-

95 1751 197 1820 triam
215 1744 307 1818 hanc
323 1750 484 1844 quisquis
498 1750 624 1818 melior
635 1750 823 1821 defendere
832 1762 952 1837 certat,
1520 1750 1649 1841 luptas‚
1908 1749 1909 1752 ’

94 1865 208 1921 ‘ettam
226 1875 301 1919 non
315 1852 393 1920 vult
404 1851 603 1921 destituisse
618 1851 728 1921 viam:
1051 1840 1135 1914 Non
1150 1846 1232 1916 illos
1249 1859 1356 1918 terret
1373 1846 1526 1919 vindicis
1543 1853 1593 1920 ira
1612 1850 1691 1923 Del.

94 1975 162 2037 nas
176 1954 265 2023 feret
281 1953 341 2021 ille
356 1976 495 2043 graves,
521 1967 625 2046 atque
639 1976 760 2045 aspera
778 1953 906 2026 multa:
1000 1940 1050 2016 Et
1063 1948 1271 2041 plerumque
1286 1950 1388 2019 malis
1403 1951 1546 2022 fortuna
1563 1954 1723 2046 indulget
1737 1960 1862 2053 aurien,

93 2078 167 2124 non
184 2056 390 2125 succumbet
405 2056 464 2125 sed
480 2067 597 2124 tamen
613 2055 688 2145 ipse
702 2054 816 2131 malis.
1042 2047 1132 2124 ,Non
1147 2049 1242 2121 lavet
1254 2051 1316 2157 illa
1334 2053 1415 2137 diu,
1439 2054 1499 2122 sed
1516 2055 1610 2125 lavet
1621 2057 1682 2126 illa
1700 2073 1829 2134 tamen.
1851 2085 1854 2095 ·

94 2179 127 2227 ns
142 2157 209 2225 late
224 2157 376 2226 deducet
391 2157 488 2227 fonte
501 2158 662 2248 perenni,
1000 2146 1077 2238 Ego
1093 2174 1139 2220 ne
1154 2175 1302 2221 numero
1319 2153 1457 2223 iuvenis
1472 2180 1637 2226 moveare
1653 2173 1786 2245 caveto,

98 2259 182 2347 ngui
199 2282 383 2351 nunquam
398 2259 562 2348 dogmata
580 2283 659 2328 vera
677 2270 823 2353 queunt.
1052 2248 1102 2321 Ut
1116 2276 1205 2344 quae
1218 2254 1321 2322 turba
1338 2257 1463 2344 probet
1476 2252 1513 2353 ¹)
1529 2270 1568 2327 tu
1584 2258 1743 2331 facienda
1757 2276 1870 2353 putes.
1926 2308 1937 2323 ·

95 2383 131 2428 es
145 2357 243 2429 Dens
259 2360 269 2427 i
274 2383 333 2450 pse
349 2383 472 2449 regens
488 2361 697 2430 coelestibus
713 2372 816 2450 auget
998 2350 1080 2422 Non
1098 2349 1205 2425 babet
1219 2355 1380 2446 impietas
1395 2379 1571 2428 successus
1587 2363 1718 2432 credite
1734 2364 1871 2455 longos,
1906 2364 1909 2382 '

98 2463 182 2541 bus,
209 2475 243 2530 et
258 2463 413 2530 studium
429 2456 609 2552 provehit,
635 2474 739 2556 atque
756 2462 864 2532 iuvat.
1052 2453 1216 2547 luctaque
1230 2479 1295 2547 pro
1310 2458 1410 2529 factis
1428 2483 1539 2550 poena
1553 2462 1675 2531 venire
1691 2465 1791 2540 solet.
1822 2525 1828 2536 ,

94 2587 149 2657 que
167 2563 282 2637 deleto
298 2563 449 2632 victores
465 2558 565 2633 hoste
581 2559 761 2656 trophaea.
998 2554 1067 2624 Hei
1083 2553 1171 2626 mihi
1187 2581 1250 2627 cur
1266 2573 1389 2648 parent
1403 2573 1474 2637 tarn
1492 2563 1593 2652 pauci
1608 2588 1691 2633 vera
1708 2568 1881 2654 monenti,

94 2677 149 2734 ent
166 2678 207 2733 ut
220 2665 281 2735 liat
297 2665 408 2753 gloria
424 2678 506 2734 nota
522 2661 601 2734 Dei.
1050 2655 1122 2728 Nec
1138 2671 1289 2748 tangunt
1304 2662 1462 2733 monitus
1476 2665 1588 2734 terrea
1605 2668 1711 2737 corda
1728 2669 1823 2737 mei?

94 2768 98 2834 i
114 2766 264 2854 gemitus
278 2780 434 2852 nostros,
459 2778 559 2858 pater
572 2763 705 2857 optime
722 2784 856 2851 rerum,
999 2757 1131 2829 Verum
1149 2756 1234 2830 baec
1249 2762 1417 2835 destituet
1432 2789 1511 2834 cum
1528 2790 1591 2835 vos
1606 2768 1748 2838 fortuna
1764 2770 1934 2858 vicissim,

94 2869 170 2937 lcias
187 2869 310 2959 templi
327 2891 456 2961 quaeso
475 2869 603 2958 pericla
619 2866 682 2938 tui.
1048 2860 1128 2931 Non
1145 2877 1263 2953 tanget
1277 2888 1454 2935 summum
1471 2880 1585 2936 vestra
1601 2871 1742 2960 querela
1760 2884 1906 2963 patrem.

94 2993 136 3038 va
151 2970 251 3058 regni
266 2971 487 3063 formamque
501 2983 701 3064 statumque
715 2969 895 3049 decorum,
996 2961 1049 3033 Ne
1066 2964 1225 3035 dubitate
1242 2967 1340 3035 venit
1358 2991 1421 3057 pro
1437 2969 1538 3036 lactis
1556 2994 1668 3058 poena
1684 2972 1825 3059 luenda,
1974 3057 1978 3063 ι

94 3069 161 3140 ¹>lice
178 3072 371 3141 concordes
385 3070 478 3163 ipse,
504 3072 650 3166 piosque
665 3073 782 3157 duces,
1048 3064 1143 3136 lusta
1159 3064 1228 3147 Dei
1244 3089 1353 3137 vanas
1369 3092 1442 3136 non
1459 3063 1567 3139 habet
1582 3071 1635 3140 ira
1651 3072 1776 3146 minas.
1899 3134 1904 3139 .

94 3166 112 3243 o
128 3172 267 3242 delitias
282 3173 490 3244 ardentibus
507 3187 628 3264 expeto
646 3172 751 3257 votis,
843 3168 846 3172 ’
996 3165 1064 3238 Sed
1083 3167 1165 3261 quia
1180 3167 1360 3260 paulisper
1374 3170 1515 3240 fortuna
1534 3175 1687 3242 secunda
1703 3175 1879 3248 malorum
1896 3193 1966 3269 est*

94 3274 198 3366 emplo
215 3297 353 3364 semper
367 3275 492 3363 degere
509 3298 610 3365 posse
626 3271 706 3348 Dei0
1045 3266 1093 3340 Et
1109 3269 1201 3338 tristi
1216 3270 1320 3341 vultu
1335 3271 1478 3362 respicit
1493 3272 1556 3342 illa
1571 3273 1661 3366 pios,

94 3375 180 3444 mvis
195 3375 246 3444 ibi
263 3390 367 3446 erunt
380 3370 470 3444 mihi
484 3376 596 3447 multa
612 3374 774 3444 adeunda
788 3373 934 3466 pericla,
994 3367 1143 3441 Falleris
1160 3384 1192 3442 et
1208 3393 1329 3459 regere
1344 3367 1430 3443 haec
1447 3375 1586 3445 nullum
1604 3377 1767 3447 mortalia
1783 3404 1920 3455 numen

94 3501 168 3572 tque
185 3477 278 3547 odiis
292 3491 395 3567 urget
410 3481 565 3548 mundus
581 3477 714 3570 ubique
728 3476 824 3568 pios:
1043 3470 1186 3555 Credis,
1212 3485 1246 3543 et
1263 3473 1408 3563 impune
1424 3490 1550 3548 cuncta
1564 3478 1670 3547 licere
1684 3479 1763 3554 tibi.

94 3603 124 3648 en
138 3579 329 3648 anteferam
346 3578 480 3668 regnis,
505 3581 705 3672 opibusque
722 3577 911 3662 malorum,
993 3572 1059 3643 His
1075 3575 1218 3644 fortuna
1234 3569 1277 3670 ²)
1290 3570 1384 3643 nibil
1398 3598 1474 3645 mea
1490 3578 1551 3670 qui
1567 3594 1749 3672 praccepta
1765 3598 1973 3676 sequantur,

94 3704 125 3750 rs
138 3680 286 3750 militiae
301 3680 400 3770 signa
416 3681 591 3774 decusque
604 3681 695 3772 piae.
1004 3722 1005 3727 κ
1044 3673 1111 3745 vet
1126 3700 1205 3745 cum
1222 3689 1372 3748 conatur
1386 3677 1544 3766 laedere,
1565 3703 1670 3755 saeva
1683 3698 1799 3760 nocet.

94 3805 192 3852 esua
208 3783 329 3852 dextra
344 3780 442 3851 Deus
457 3781 559 3851 istam
579 3782 730 3874 protegit
745 3803 873 3867 arcem,
1404 3836 1504 3922 emt
1525 3837 1571 3905 ll
1659 3773 1661 3777 ’

92 3883 691 3979 ivesnunquamdeseritillesuos.
1021 3955 1030 3973 ‚
1111 3952 1145 3971 .,
1209 3952 1249 3971 Η
1347 3955 1357 3973 .

96 3984 158 4078 qui
175 3986 251 4054 voci
268 3985 410 4056 coelesti
427 3986 647 4076 obtemperat
664 3983 740 4068 uni,
992 3953 1031 4026 5¹
1047 3953 1121 4023 5⁰¹¹
1138 3968 1266 4045 ⁰¹¹P¹¹¹⁸
1282 3971 1457 4048 ⁸³P¹⁰¹¹²²⁸
1474 3975 1615 4051 ΡΜ)ιᾟ
1632 3973 1718 4046 ¹⁰¹⁰,

94 4086 225 4180 patitur
239 4087 354 4176 frangi
369 4100 510 4177 pectora
524 4088 624 4158 firma
640 4086 760 4159 minis.
1044 4054 1117 4125 *⁷⁰⁸
1131 4056 1251 4174 Pffmla
1273 4072 1314 4127 ¹¹¹
1329 4059 1474 4144 d⁰⁰⁰²¹›
1497 4084 1599 4152 ⁸²¹⁸·'Pe
1611 4079 1734 4181 0¹⁰8?st
1750 4059 1881 4182 Dfuffl·

992 4156 1058 4228 Illa
1075 4172 1205 4227 etenim
1222 4160 1365 4227 demum
1383 4185 1464 4231 vera
1481 4175 1532 4232 est
1546 4179 1738 4255 saptentra,
1764 4187 1794 4234 ει
1810 4182 1947 4259 quaest

1042 4259 1095 4331 De
1108 4258 1207 4329 coelo
1221 4262 1351 4329 summi
1368 4263 1506 4351 prodita
1522 4265 1568 4334 ab
1583 4289 1645 4334 ore
1660 4267 1779 4357 patris.

991 4359 1052 4432 Sic
1066 4361 1208 4431 bonitas
1228 4361 1397 4431 immensa
1413 4360 1498 4451 Dei,
1523 4366 1573 4435 sic
1591 4367 1644 4436 ira
1662 4366 1777 4435 videri

768 4501 816 4540 an,
837 4478 932 4546 1527,
1043 4458 1218 4532 Ostendet
1233 4463 1334 4532 vobis
1350 4488 1430 4533 cum
1448 4462 1544 4536 Deus
1560 4468 1653 4558 ipse,
1675 4482 1801 4559 potest.

763 4568 934 4598 *Ν
991 4562 1057 4634 llle
1072 4564 1283 4654 gubernabit
1299 4579 1420 4649 sancto
1437 4580 1494 4637 tua
1511 4572 1617 4638 corda
1633 4582 1779 4659 pavore,

94 4707 128 4762 tp.
140 4687 212 4748 Bne
231 4689 263 4750 T.
271 4688 306 4746 V.
320 4707 346 4762 p.
356 4688 416 4746 stt.
432 4700 458 4745 et
470 4689 542 4762 apud
559 4687 642 4743 vtae.
659 4706 686 4759 p.
700 4669 760 4744 207.
1038 4663 1284 4756 Coelrstesque
1301 4667 1400 4737 dabit
1415 4693 1516 4759 posse
1535 4671 1661 4739 timere
1676 4669 1805 4742 minas.

988 4763 1113 4856 Eriget
1130 4761 1191 4835 tlte
1207 4765 1310 4836 etiam
1328 4793 1368 4837 ac
1382 4771 1488 4842 faciat
1503 4796 1642 4860 sperare
1658 4778 1855 4860 timentem,
1964 4824 1969 4829 -

94 4852 232 4923 tentiae
264 4852 471 4922 &loannis
505 4871 555 4921 θῶ·
582 4852 706 4942 prim
739 4853 875 4942 capite.
1041 4868 1100 4938 Tu
1116 4870 1222 4938 modo
1241 4893 1285 4936 ne
1301 4871 1440 4941 dubites
1456 4897 1596 4963 poscere
1609 4897 1746 4965 semper
1762 4862 1875 4964 opem.

94 5022 143 5089 ‚go
160 5023 239 5068 gum
257 5000 358 5069 vobis
374 5024 514 5070 morum
530 5012 713 5092 praecepta
728 5000 890 5087 daturus,
988 4971 1067 5041 Hoc
1082 4995 1202 5062 sapere
1217 4986 1286 5087 est3
1309 4995 1348 5039 ac
1366 4997 1468 5041 nosse
1485 4974 1619 5060 Deum,
1644 4975 1674 5044 si
1693 4976 1760 5048 rite
1776 4975 1922 5048 timebis

94 5119 155 5172 ‚ms
169 5126 188 5169 e
202 5102 299 5171 00210
314 5102 471 5193 pmdidtq
484 5101 544 5169 5113
561 5100 637 5171 Dei,
1039 5073 1166 5143 Fidere
1183 5084 1216 5141 et
1232 5072 1328 5141 illius
1344 5073 1374 5140 si
1393 5075 1667 5211 bonitate‘scies.
1966 5086 1970 5091 '

95 5204 142 5273 sit
155 5200 251 5272 Deus
267 5229 437 5293 exponam
457 5203 586 5294 pietate
602 5203 786 5290 colendus,
989 5199 1255 5317 mv!-

94 5307 186 5377 robet
200 5330 278 5398 erga
294 5302 455 5376 homines
470 5305 588 5399 qualia
605 5305 693 5375 sacta
710 5305 820 5382 Deus
1019 5335 1146 5407 ettad.
1173 5335 1403 5406 Rataspem.
1465 5332 1474 5339 ’
