<?xml version="1.0" encoding="UTF-8"?>
<!DOCTYPE html PUBLIC "-//W3C//DTD XHTML 1.0 Transitional//EN"
    "http://www.w3.org/TR/xhtml1/DTD/xhtml1-transitional.dtd">
<html xmlns="http://www.w3.org/1999/xhtml" xml:lang="en" lang="en">
 <head>
  <title>
</title>
<meta http-equiv="Content-Type" content="text/html;charset=utf-8" />
  <meta name='ocr-system' content='tesseract 3.04.00' />
  <meta name='ocr-capabilities' content='ocr_page ocr_carea ocr_par ocr_line ocrx_word'/>
</head>
<body>
  <div class='ocr_page' id='page_1' title='image "./corpusreformato02melagoog/corpusreformato02melagoog_0251.png"; bbox 0 0 4546 5760; ppageno 0'>
   <div class='ocr_carea' id='block_1_1' title="bbox 111 137 2112 300">
    <p class='ocr_par' dir='ltr' id='par_1_1' title="bbox 111 137 2112 300">
     <span class='ocr_line' id='line_1_1' title="bbox 111 137 2112 300; baseline -0.002 -36"><span class='ocrx_word' id='word_1_1' title='bbox 111 137 319 265; x_wconf 70' lang='lat' dir='ltr'>eor·¹</span> <span class='ocrx_word' id='word_1_2' title='bbox 452 194 507 258; x_wconf 63' lang='grc' dir='ltr'><em>π</em></span> <span class='ocrx_word' id='word_1_3' title='bbox 664 291 670 300; x_wconf 77' lang='lat'>.</span> <span class='ocrx_word' id='word_1_4' title='bbox 890 184 1359 264; x_wconf 79' lang='lat' dir='ltr'>aaauuonunoi.</span> <span class='ocrx_word' id='word_1_5' title='bbox 2069 194 2112 271; x_wconf 77' lang='lat' dir='ltr'>ec</span> 
     </span>
    </p>
   </div>
   <div class='ocr_carea' id='block_1_2' title="bbox 144 355 2112 1300">
    <p class='ocr_par' dir='ltr' id='par_1_2' title="bbox 194 355 2112 1132">
     <span class='ocr_line' id='line_1_2' title="bbox 194 355 2110 442; baseline 0.002 -19"><span class='ocrx_word' id='word_1_6' title='bbox 194 361 335 442; x_wconf 83' lang='lat' dir='ltr'>„iterata</span> <span class='ocrx_word' id='word_1_7' title='bbox 353 359 557 438; x_wconf 87' lang='lat' dir='ltr'>resecninius,</span> <span class='ocrx_word' id='word_1_8' title='bbox 578 367 606 421; x_wconf 89' lang='lat' dir='ltr'>et</span> <span class='ocrx_word' id='word_1_9' title='bbox 629 355 798 438; x_wconf 86' lang='lat' dir='ltr'>dequibus</span> <span class='ocrx_word' id='word_1_10' title='bbox 821 359 900 420; x_wconf 91' lang='lat' dir='ltr'>seire</span> <span class='ocrx_word' id='word_1_11' title='bbox 922 358 1096 442; x_wconf 90' lang='lat' dir='ltr'>potuimus,</span> <span class='ocrx_word' id='word_1_12' title='bbox 1119 377 1276 421; x_wconf 89' lang='lat' dir='ltr'>numerum</span> <span class='ocrx_word' id='word_1_13' title='bbox 1300 358 1391 442; x_wconf 91' lang='lat' dir='ltr'>anni,</span> <span class='ocrx_word' id='word_1_14' title='bbox 1414 377 1480 438; x_wconf 28' lang='lat' dir='ltr'>quo,</span> <span class='ocrx_word' id='word_1_15' title='bbox 1495 359 1713 440; x_wconf 77' lang='lat' dir='ltr'>scriptarum,</span> <span class='ocrx_word' id='word_1_16' title='bbox 1735 360 1923 428; x_wconf 80' lang='lat' dir='ltr'>notavimus.</span> <span class='ocrx_word' id='word_1_17' title='bbox 1964 363 2110 427; x_wconf 75' lang='lat' dir='ltr'>Addidim</span> 
     </span>
     <span class='ocr_line' id='line_1_3' title="bbox 196 442 2112 529; baseline 0.002 -20"><span class='ocrx_word' id='word_1_18' title='bbox 196 456 325 527; x_wconf 84' lang='lat' dir='ltr'>‚,auteni</span> <span class='ocrx_word' id='word_1_19' title='bbox 347 445 502 526; x_wconf 80' lang='lat' dir='ltr'>prioribus</span> <span class='ocrx_word' id='word_1_20' title='bbox 527 445 641 529; x_wconf 89' lang='lat' dir='ltr'>[tribus</span> <span class='ocrx_word' id='word_1_21' title='bbox 667 442 844 528; x_wconf 80' lang='lat' dir='ltr'>Gruthusii]</span> <span class='ocrx_word' id='word_1_22' title='bbox 868 443 959 507; x_wconf 91' lang='lat' dir='ltr'>libris</span> <span class='ocrx_word' id='word_1_23' title='bbox 982 457 1051 507; x_wconf 82' lang='lat' dir='ltr'>tres</span> <span class='ocrx_word' id='word_1_24' title='bbox 1072 446 1158 508; x_wconf 79' lang='lat' dir='ltr'>ulios</span> <span class='ocrx_word' id='word_1_25' title='bbox 1177 465 1278 508; x_wconf 82' lang='lat' dir='ltr'>nonos</span> <span class='ocrx_word' id='word_1_26' title='bbox 1298 445 1439 525; x_wconf 89' lang='lat' dir='ltr'>libellos,</span> <span class='ocrx_word' id='word_1_27' title='bbox 1472 445 1625 526; x_wconf 80' lang='lat' dir='ltr'>singulari</span> <span class='ocrx_word' id='word_1_28' title='bbox 1648 445 1748 508; x_wconf 89' lang='lat' dir='ltr'>studio</span> <span class='ocrx_word' id='word_1_29' title='bbox 1771 467 1809 508; x_wconf 87' lang='lat' dir='ltr'>ex</span> <span class='ocrx_word' id='word_1_30' title='bbox 1831 467 1901 512; x_wconf 90' lang='lat' dir='ltr'>mea</span> <span class='ocrx_word' id='word_1_31' title='bbox 1923 458 1952 509; x_wconf 93' lang='lat' dir='ltr'>et</span> <span class='ocrx_word' id='word_1_32' title='bbox 1974 449 2112 513; x_wconf 85' lang='lat' dir='ltr'>amiceru</span> 
     </span>
     <span class='ocr_line' id='line_1_4' title="bbox 196 530 2111 616; baseline 0.003 -25"><span class='ocrx_word' id='word_1_33' title='bbox 196 531 419 612; x_wconf 87' lang='lat' dir='ltr'>„bibliothecis</span> <span class='ocrx_word' id='word_1_34' title='bbox 433 531 596 614; x_wconf 88' lang='lat' dir='ltr'>collectos,</span> <span class='ocrx_word' id='word_1_35' title='bbox 618 541 651 592; x_wconf 92' lang='lat' dir='ltr'>ut</span> <span class='ocrx_word' id='word_1_36' title='bbox 665 551 744 591; x_wconf 91' lang='lat' dir='ltr'>nuuc</span> <span class='ocrx_word' id='word_1_37' title='bbox 759 551 814 593; x_wconf 90' lang='lat' dir='ltr'>sex</span> <span class='ocrx_word' id='word_1_38' title='bbox 828 530 902 594; x_wconf 84' lang='lat' dir='ltr'>iibri</span> <span class='ocrx_word' id='word_1_39' title='bbox 919 531 1081 593; x_wconf 91' lang='lat' dir='ltr'>conliciant</span> <span class='ocrx_word' id='word_1_40' title='bbox 1095 531 1206 593; x_wconf 89' lang='lat' dir='ltr'>iustum</span> <span class='ocrx_word' id='word_1_41' title='bbox 1227 531 1482 613; x_wconf 70' lang='lat' dir='ltr'>epigrammatum</span> <span class='ocrx_word' id='word_1_42' title='bbox 1499 552 1584 611; x_wconf 84' lang='lat' dir='ltr'>opus.</span> <span class='ocrx_word' id='word_1_43' title='bbox 1627 532 1691 594; x_wconf 90' lang='lat' dir='ltr'>Nec</span> <span class='ocrx_word' id='word_1_44' title='bbox 1710 552 1756 594; x_wconf 91' lang='lat' dir='ltr'>me</span> <span class='ocrx_word' id='word_1_45' title='bbox 1771 532 1855 611; x_wconf 88' lang='lat' dir='ltr'>eins,</span> <span class='ocrx_word' id='word_1_46' title='bbox 1879 536 2111 616; x_wconf 84' lang='lat' dir='ltr'>quantulacunq</span> 
     </span>
     <span class='ocr_line' id='line_1_5' title="bbox 196 616 2112 700; baseline 0.003 -21"><span class='ocrx_word' id='word_1_47' title='bbox 196 628 289 697; x_wconf 89' lang='lat' dir='ltr'>‚,est,</span> <span class='ocrx_word' id='word_1_48' title='bbox 314 636 408 696; x_wconf 90' lang='lat' dir='ltr'>opera</span> <span class='ocrx_word' id='word_1_49' title='bbox 422 617 564 697; x_wconf 82' lang='lat' dir='ltr'>poenitet.</span> <span class='ocrx_word' id='word_1_50' title='bbox 608 617 686 678; x_wconf 92' lang='lat' dir='ltr'>Nam</span> <span class='ocrx_word' id='word_1_51' title='bbox 709 620 786 695; x_wconf 93' lang='lat' dir='ltr'>quod</span> <span class='ocrx_word' id='word_1_52' title='bbox 811 618 849 677; x_wconf 92' lang='lat' dir='ltr'>ad</span> <span class='ocrx_word' id='word_1_53' title='bbox 872 637 918 678; x_wconf 91' lang='lat' dir='ltr'>me</span> <span class='ocrx_word' id='word_1_54' title='bbox 938 618 1076 696; x_wconf 83' lang='lat' dir='ltr'>privatim</span> <span class='ocrx_word' id='word_1_55' title='bbox 1100 616 1226 700; x_wconf 89' lang='lat' dir='ltr'>attinet,</span> <span class='ocrx_word' id='word_1_56' title='bbox 1248 619 1406 678; x_wconf 91' lang='lat' dir='ltr'>ostendam</span> <span class='ocrx_word' id='word_1_57' title='bbox 1430 617 1521 698; x_wconf 91' lang='lat' dir='ltr'>alibi,</span> <span class='ocrx_word' id='word_1_58' title='bbox 1544 617 1652 697; x_wconf 91' lang='lat' dir='ltr'>quihus</span> <span class='ocrx_word' id='word_1_59' title='bbox 1676 617 1853 685; x_wconf 89' lang='lat' dir='ltr'>rebushuic</span> <span class='ocrx_word' id='word_1_60' title='bbox 1875 632 1982 683; x_wconf 89' lang='lat' dir='ltr'>sancto</span> <span class='ocrx_word' id='word_1_61' title='bbox 1998 622 2112 685; x_wconf 82' lang='lat' dir='ltr'>virosi</span> 
     </span>
     <span class='ocr_line' id='line_1_6' title="bbox 197 701 2112 788; baseline 0.003 -25"><span class='ocrx_word' id='word_1_62' title='bbox 197 705 392 788; x_wconf 88' lang='lat' dir='ltr'>„obstrictus</span> <span class='ocrx_word' id='word_1_63' title='bbox 416 705 453 764; x_wconf 91' lang='lat' dir='ltr'>ad</span> <span class='ocrx_word' id='word_1_64' title='bbox 477 711 631 764; x_wconf 86' lang='lat' dir='ltr'>aeternam</span> <span class='ocrx_word' id='word_1_65' title='bbox 654 701 879 781; x_wconf 72' lang='lat' dir='ltr'>gratitudinem.</span> <span class='ocrx_word' id='word_1_66' title='bbox 923 702 1011 764; x_wconf 90' lang='lat' dir='ltr'>Nunc</span> <span class='ocrx_word' id='word_1_67' title='bbox 1032 715 1131 765; x_wconf 87' lang='lat' dir='ltr'>autem</span> <span class='ocrx_word' id='word_1_68' title='bbox 1154 704 1191 763; x_wconf 91' lang='lat' dir='ltr'>de</span> <span class='ocrx_word' id='word_1_69' title='bbox 1213 703 1371 786; x_wconf 89' lang='lat' dir='ltr'>omnibns,</span> <span class='ocrx_word' id='word_1_70' title='bbox 1400 722 1477 782; x_wconf 92' lang='lat' dir='ltr'>quos</span> <span class='ocrx_word' id='word_1_71' title='bbox 1500 703 1622 783; x_wconf 90' lang='lat' dir='ltr'>reliquit</span> <span class='ocrx_word' id='word_1_72' title='bbox 1647 703 1700 765; x_wconf 89' lang='lat' dir='ltr'>ille</span> <span class='ocrx_word' id='word_1_73' title='bbox 1725 717 1792 782; x_wconf 90' lang='lat' dir='ltr'>post</span> <span class='ocrx_word' id='word_1_74' title='bbox 1817 725 1850 766; x_wconf 90' lang='lat' dir='ltr'>se</span> <span class='ocrx_word' id='word_1_75' title='bbox 1874 725 1933 766; x_wconf 93' lang='lat' dir='ltr'>non</span> <span class='ocrx_word' id='word_1_76' title='bbox 1956 706 2112 770; x_wconf 78' lang='lat' dir='ltr'>adulterim</span> 
     </span>
     <span class='ocr_line' id='line_1_7' title="bbox 196 786 2112 874; baseline 0.002 -23"><span class='ocrx_word' id='word_1_77' title='bbox 196 800 350 872; x_wconf 90' lang='lat' dir='ltr'>„naturae</span> <span class='ocrx_word' id='word_1_78' title='bbox 372 787 559 868; x_wconf 90' lang='lat' dir='ltr'>discipulos,</span> <span class='ocrx_word' id='word_1_79' title='bbox 582 786 698 849; x_wconf 88' lang='lat' dir='ltr'>ullirmo</span> <span class='ocrx_word' id='word_1_80' title='bbox 713 788 815 850; x_wconf 90' lang='lat' dir='ltr'>deberi</span> <span class='ocrx_word' id='word_1_81' title='bbox 838 790 899 851; x_wconf 91' lang='lat' dir='ltr'>hoc</span> <span class='ocrx_word' id='word_1_82' title='bbox 913 786 1042 849; x_wconf 89' lang='lat' dir='ltr'>cilicium</span> <span class='ocrx_word' id='word_1_83' title='bbox 1063 790 1342 872; x_wconf 86' lang='lat' dir='ltr'>praestantissimo,</span> <span class='ocrx_word' id='word_1_84' title='bbox 1365 790 1540 867; x_wconf 91' lang='lat' dir='ltr'>optimaque</span> <span class='ocrx_word' id='word_1_85' title='bbox 1552 792 1587 851; x_wconf 90' lang='lat' dir='ltr'>dc</span> <span class='ocrx_word' id='word_1_86' title='bbox 1603 811 1636 851; x_wconf 90' lang='lat' dir='ltr'>re</span> <span class='ocrx_word' id='word_1_87' title='bbox 1657 789 1795 852; x_wconf 86' lang='lat' dir='ltr'>literaria</span> <span class='ocrx_word' id='word_1_88' title='bbox 1812 791 1918 852; x_wconf 91' lang='lat' dir='ltr'>merito</span> <span class='ocrx_word' id='word_1_89' title='bbox 1934 794 2112 874; x_wconf 75' lang='lat' dir='ltr'>Praecepto:</span> 
     </span>
     <span class='ocr_line' id='line_1_8' title="bbox 198 874 2112 958; baseline 0.003 -22"><span class='ocrx_word' id='word_1_90' title='bbox 198 920 219 957; x_wconf 90' lang='lat'>„</span> <span class='ocrx_word' id='word_1_91' title='bbox 228 885 261 936; x_wconf 93' lang='lat' dir='ltr'>ut</span> <span class='ocrx_word' id='word_1_92' title='bbox 285 875 388 935; x_wconf 91' lang='lat' dir='ltr'>omnia</span> <span class='ocrx_word' id='word_1_93' title='bbox 411 874 449 934; x_wconf 88' lang='lat' dir='ltr'>ab</span> <span class='ocrx_word' id='word_1_94' title='bbox 472 894 506 936; x_wconf 93' lang='lat' dir='ltr'>eo</span> <span class='ocrx_word' id='word_1_95' title='bbox 530 875 668 952; x_wconf 87' lang='lat' dir='ltr'>profectu</span> <span class='ocrx_word' id='word_1_96' title='bbox 691 875 806 952; x_wconf 89' lang='lat' dir='ltr'>ingenii</span> <span class='ocrx_word' id='word_1_97' title='bbox 831 886 858 935; x_wconf 90' lang='lat' dir='ltr'>et</span> <span class='ocrx_word' id='word_1_98' title='bbox 880 874 1036 937; x_wconf 91' lang='lat' dir='ltr'>doctrinae</span> <span class='ocrx_word' id='word_1_99' title='bbox 1064 884 1256 937; x_wconf 90' lang='lat' dir='ltr'>monumenta</span> <span class='ocrx_word' id='word_1_100' title='bbox 1277 885 1424 954; x_wconf 90' lang='lat' dir='ltr'>tanquam</span> <span class='ocrx_word' id='word_1_101' title='bbox 1446 893 1555 938; x_wconf 89' lang='lat' dir='ltr'>sacras</span> <span class='ocrx_word' id='word_1_102' title='bbox 1577 874 1725 955; x_wconf 78' lang='lat' dir='ltr'>reliquias</span> <span class='ocrx_word' id='word_1_103' title='bbox 1748 896 1808 936; x_wconf 91' lang='lat' dir='ltr'>uon</span> <span class='ocrx_word' id='word_1_104' title='bbox 1831 877 1929 937; x_wconf 88' lang='lat' dir='ltr'>solnm</span> <span class='ocrx_word' id='word_1_105' title='bbox 1952 879 2112 958; x_wconf 88' lang='lat' dir='ltr'>colligumi</span> 
     </span>
     <span class='ocr_line' id='line_1_9' title="bbox 198 958 2112 1044; baseline 0.001 -21"><span class='ocrx_word' id='word_1_106' title='bbox 198 963 281 1040; x_wconf 87' lang='lat' dir='ltr'>„sed</span> <span class='ocrx_word' id='word_1_107' title='bbox 305 962 393 1021; x_wconf 90' lang='lat' dir='ltr'>etiam</span> <span class='ocrx_word' id='word_1_108' title='bbox 417 978 436 1020; x_wconf 90' lang='lat' dir='ltr'>a</span> <span class='ocrx_word' id='word_1_109' title='bbox 459 959 574 1021; x_wconf 91' lang='lat' dir='ltr'>mendis</span> <span class='ocrx_word' id='word_1_110' title='bbox 604 958 812 1040; x_wconf 72' lang='lat' dir='ltr'>negligentiae</span> <span class='ocrx_word' id='word_1_111' title='bbox 841 961 1036 1023; x_wconf 70' lang='lat' dir='ltr'>librariorum</span> <span class='ocrx_word' id='word_1_112' title='bbox 1068 960 1164 1023; x_wconf 88' lang='lat' dir='ltr'>seculi</span> <span class='ocrx_word' id='word_1_113' title='bbox 1188 959 1278 1021; x_wconf 92' lang='lat' dir='ltr'>huius</span> <span class='ocrx_word' id='word_1_114' title='bbox 1302 961 1462 1041; x_wconf 86' lang='lat' dir='ltr'>(quantum</span> <span class='ocrx_word' id='word_1_115' title='bbox 1488 962 1673 1039; x_wconf 88' lang='lat' dir='ltr'>perborum</span> <span class='ocrx_word' id='word_1_116' title='bbox 1698 970 1815 1040; x_wconf 87' lang='lat' dir='ltr'>turpem</span> <span class='ocrx_word' id='word_1_117' title='bbox 1838 961 1871 1022; x_wconf 92' lang='lat' dir='ltr'>in</span> <span class='ocrx_word' id='word_1_118' title='bbox 1894 963 1951 1025; x_wconf 90' lang='lat' dir='ltr'>hoc</span> <span class='ocrx_word' id='word_1_119' title='bbox 1973 965 2055 1026; x_wconf 85' lang='lat' dir='ltr'>vicio</span> <span class='ocrx_word' id='word_1_120' title='bbox 2078 983 2112 1044; x_wconf 84' lang='lat' dir='ltr'>pe</span> 
     </span>
     <span class='ocr_line' id='line_1_10' title="bbox 200 1044 2112 1132; baseline 0.003 -25"><span class='ocrx_word' id='word_1_121' title='bbox 200 1045 374 1130; x_wconf 85' lang='lat' dir='ltr'>„tinacium</span> <span class='ocrx_word' id='word_1_122' title='bbox 397 1044 484 1128; x_wconf 83' lang='lat' dir='ltr'>lieet)</span> <span class='ocrx_word' id='word_1_123' title='bbox 514 1045 718 1106; x_wconf 83' lang='lat' dir='ltr'>vindicemus:</span> <span class='ocrx_word' id='word_1_124' title='bbox 748 1045 920 1107; x_wconf 90' lang='lat' dir='ltr'>carminum</span> <span class='ocrx_word' id='word_1_125' title='bbox 942 1056 1042 1107; x_wconf 89' lang='lat' dir='ltr'>autern</span> <span class='ocrx_word' id='word_1_126' title='bbox 1065 1046 1201 1125; x_wconf 91' lang='lat' dir='ltr'>Philippi</span> <span class='ocrx_word' id='word_1_127' title='bbox 1226 1047 1282 1107; x_wconf 92' lang='lat' dir='ltr'>illu</span> <span class='ocrx_word' id='word_1_128' title='bbox 1304 1045 1463 1123; x_wconf 83' lang='lat' dir='ltr'>ingeniosa</span> <span class='ocrx_word' id='word_1_129' title='bbox 1485 1055 1574 1124; x_wconf 89' lang='lat' dir='ltr'>atque</span> <span class='ocrx_word' id='word_1_130' title='bbox 1597 1045 1717 1108; x_wconf 89' lang='lat' dir='ltr'>eruditu</span> <span class='ocrx_word' id='word_1_131' title='bbox 1746 1046 1902 1132; x_wconf 80' lang='lat' dir='ltr'>lucillius,</span> <span class='ocrx_word' id='word_1_132' title='bbox 1938 1059 1967 1110; x_wconf 91' lang='lat' dir='ltr'>et</span> <span class='ocrx_word' id='word_1_133' title='bbox 1991 1050 2043 1111; x_wconf 92' lang='lat' dir='ltr'>his</span> <span class='ocrx_word' id='word_1_134' title='bbox 2067 1069 2112 1112; x_wconf 90' lang='lat' dir='ltr'>coi</span> 
     </span>
    </p>

    <p class='ocr_par' dir='ltr' id='par_1_3' title="bbox 144 1130 2112 1300">
     <span class='ocr_line' id='line_1_11' title="bbox 144 1130 2112 1212; baseline 0.003 -20"><span class='ocrx_word' id='word_1_135' title='bbox 144 1155 149 1163; x_wconf 96' lang='lat'>·</span> <span class='ocrx_word' id='word_1_136' title='bbox 199 1133 382 1212; x_wconf 88' lang='lat' dir='ltr'>„prehensa</span> <span class='ocrx_word' id='word_1_137' title='bbox 404 1150 503 1191; x_wconf 90' lang='lat' dir='ltr'>rerum</span> <span class='ocrx_word' id='word_1_138' title='bbox 529 1131 650 1192; x_wconf 84' lang='lat' dir='ltr'>bonitus</span> <span class='ocrx_word' id='word_1_139' title='bbox 675 1140 841 1203; x_wconf 78' lang='lat' dir='ltr'>tentaret,</span> <span class='ocrx_word' id='word_1_140' title='bbox 867 1143 898 1192; x_wconf 93' lang='lat' dir='ltr'>ut</span> <span class='ocrx_word' id='word_1_141' title='bbox 921 1151 982 1193; x_wconf 92' lang='lat' dir='ltr'>non</span> <span class='ocrx_word' id='word_1_142' title='bbox 1005 1131 1104 1193; x_wconf 90' lang='lat' dir='ltr'>solum</span> <span class='ocrx_word' id='word_1_143' title='bbox 1129 1131 1316 1212; x_wconf 83' lang='lat' dir='ltr'>posteritatis</span> <span class='ocrx_word' id='word_1_144' title='bbox 1341 1130 1432 1191; x_wconf 82' lang='lat' dir='ltr'>facile</span> <span class='ocrx_word' id='word_1_145' title='bbox 1455 1133 1604 1192; x_wconf 88' lang='lat' dir='ltr'>sustinere</span> <span class='ocrx_word' id='word_1_146' title='bbox 1628 1133 1724 1212; x_wconf 88' lang='lat' dir='ltr'>possit</span> <span class='ocrx_word' id='word_1_147' title='bbox 1746 1131 2112 1211; x_wconf 89' lang='lat' dir='ltr'>aequissimamcensurai</span> 
     </span>
     <span class='ocr_line' id='line_1_12' title="bbox 200 1215 1872 1300; baseline -0.001 -21"><span class='ocrx_word' id='word_1_148' title='bbox 200 1221 278 1300; x_wconf 88' lang='lat' dir='ltr'>„sed</span> <span class='ocrx_word' id='word_1_149' title='bbox 302 1217 393 1279; x_wconf 86' lang='lat' dir='ltr'>etiam</span> <span class='ocrx_word' id='word_1_150' title='bbox 415 1219 584 1295; x_wconf 86' lang='lat' dir='ltr'>praesentis</span> <span class='ocrx_word' id='word_1_151' title='bbox 608 1218 699 1278; x_wconf 84' lang='lat' dir='ltr'>seculi</span> <span class='ocrx_word' id='word_1_152' title='bbox 725 1216 785 1277; x_wconf 92' lang='lat' dir='ltr'>iuni</span> <span class='ocrx_word' id='word_1_153' title='bbox 810 1218 925 1296; x_wconf 91' lang='lat' dir='ltr'>pridem</span> <span class='ocrx_word' id='word_1_154' title='bbox 947 1220 1028 1295; x_wconf 91' lang='lat' dir='ltr'>upud</span> <span class='ocrx_word' id='word_1_155' title='bbox 1052 1229 1175 1279; x_wconf 85' lang='lat' dir='ltr'>exteras</span> <span class='ocrx_word' id='word_1_156' title='bbox 1196 1226 1296 1296; x_wconf 88' lang='lat' dir='ltr'>gentes</span> <span class='ocrx_word' id='word_1_157' title='bbox 1321 1215 1491 1277; x_wconf 87' lang='lat' dir='ltr'>honorifica</span> <span class='ocrx_word' id='word_1_158' title='bbox 1513 1217 1625 1278; x_wconf 89' lang='lat' dir='ltr'>iudicia</span> <span class='ocrx_word' id='word_1_159' title='bbox 1647 1228 1776 1296; x_wconf 82' lang='lat' dir='ltr'>experta</span> <span class='ocrx_word' id='word_1_160' title='bbox 1799 1218 1872 1282; x_wconf 89' lang='lat' dir='ltr'>sit.”</span> 
     </span>
    </p>
   </div>
   <div class='ocr_carea' id='block_1_3' title="bbox 54 1332 2112 1672">
    <p class='ocr_par' dir='ltr' id='par_1_4' title="bbox 54 1332 2112 1672">
     <span class='ocr_line' id='line_1_13' title="bbox 54 1332 2091 1420; baseline 0.001 -23"><span class='ocrx_word' id='word_1_161' title='bbox 54 1335 57 1338; x_wconf 73' lang='grc'>’</span> <span class='ocrx_word' id='word_1_162' title='bbox 115 1332 210 1397; x_wconf 85' lang='lat' dir='ltr'>llaec&#39;</span> <span class='ocrx_word' id='word_1_163' title='bbox 232 1333 435 1398; x_wconf 85' lang='lat' dir='ltr'>Vincentius.</span> <span class='ocrx_word' id='word_1_164' title='bbox 464 1367 506 1379; x_wconf 87' lang='lat'>—</span> <span class='ocrx_word' id='word_1_165' title='bbox 548 1334 601 1396; x_wconf 78' lang='lat' dir='ltr'>lix</span> <span class='ocrx_word' id='word_1_166' title='bbox 627 1334 745 1417; x_wconf 92' lang='lat' dir='ltr'>quibus</span> <span class='ocrx_word' id='word_1_167' title='bbox 773 1334 976 1416; x_wconf 84' lang='lat' dir='ltr'>intelligitur,</span> <span class='ocrx_word' id='word_1_168' title='bbox 1014 1333 1185 1397; x_wconf 88' lang='lat' dir='ltr'>editionem</span> <span class='ocrx_word' id='word_1_169' title='bbox 1217 1335 1484 1417; x_wconf 84' lang='lat' dir='ltr'>epigrammatum</span> <span class='ocrx_word' id='word_1_170' title='bbox 1511 1334 1725 1397; x_wconf 89' lang='lat' dir='ltr'>aViucentiu</span> <span class='ocrx_word' id='word_1_171' title='bbox 1759 1335 1878 1397; x_wconf 83' lang='lat' dir='ltr'>iactam</span> <span class='ocrx_word' id='word_1_172' title='bbox 1912 1334 2091 1420; x_wconf 90' lang='lat' dir='ltr'>principem</span> 
     </span>
     <span class='ocr_line' id='line_1_14' title="bbox 116 1416 2112 1504; baseline 0.002 -22"><span class='ocrx_word' id='word_1_173' title='bbox 116 1419 180 1482; x_wconf 88' lang='lat' dir='ltr'>lide</span> <span class='ocrx_word' id='word_1_174' title='bbox 194 1419 418 1504; x_wconf 87' lang='lat' dir='ltr'>dignissimam</span> <span class='ocrx_word' id='word_1_175' title='bbox 432 1436 528 1499; x_wconf 89' lang='lat' dir='ltr'>esse,</span> <span class='ocrx_word' id='word_1_176' title='bbox 551 1437 651 1499; x_wconf 89' lang='lat' dir='ltr'>quare</span> <span class='ocrx_word' id='word_1_177' title='bbox 665 1437 738 1482; x_wconf 91' lang='lat' dir='ltr'>cain</span> <span class='ocrx_word' id='word_1_178' title='bbox 753 1420 849 1481; x_wconf 87' lang='lat' dir='ltr'>etiam</span> <span class='ocrx_word' id='word_1_179' title='bbox 866 1421 919 1483; x_wconf 93' lang='lat' dir='ltr'>hic</span> <span class='ocrx_word' id='word_1_180' title='bbox 934 1421 1062 1502; x_wconf 92' lang='lat' dir='ltr'>sequuti</span> <span class='ocrx_word' id='word_1_181' title='bbox 1074 1437 1199 1482; x_wconf 89' lang='lat' dir='ltr'>sumus.</span> <span class='ocrx_word' id='word_1_182' title='bbox 1242 1421 1279 1481; x_wconf 93' lang='lat' dir='ltr'>lu</span> <span class='ocrx_word' id='word_1_183' title='bbox 1295 1437 1413 1500; x_wconf 88' lang='lat' dir='ltr'>magna</span> <span class='ocrx_word' id='word_1_184' title='bbox 1426 1421 1512 1481; x_wconf 89' lang='lat' dir='ltr'>onim</span> <span class='ocrx_word' id='word_1_185' title='bbox 1534 1419 1768 1501; x_wconf 80' lang='lat' dir='ltr'>familiaritate,</span> <span class='ocrx_word' id='word_1_186' title='bbox 1788 1438 1872 1501; x_wconf 92' lang='lat' dir='ltr'>quue</span> <span class='ocrx_word' id='word_1_187' title='bbox 1891 1416 2061 1486; x_wconf 80' lang='lat' dir='ltr'>Vincentio</span> <span class='ocrx_word' id='word_1_188' title='bbox 2078 1443 2112 1487; x_wconf 90' lang='lat' dir='ltr'>cn</span> 
     </span>
     <span class='ocr_line' id='line_1_15' title="bbox 115 1503 2112 1587; baseline 0.002 -19"><span class='ocrx_word' id='word_1_189' title='bbox 115 1505 325 1569; x_wconf 80' lang='lat' dir='ltr'>Melanthonc</span> <span class='ocrx_word' id='word_1_190' title='bbox 339 1523 420 1566; x_wconf 88' lang='lat' dir='ltr'>sene</span> <span class='ocrx_word' id='word_1_191' title='bbox 436 1515 520 1583; x_wconf 87' lang='lat' dir='ltr'>erat,</span> <span class='ocrx_word' id='word_1_192' title='bbox 542 1503 637 1566; x_wconf 91' lang='lat' dir='ltr'>dubio</span> <span class='ocrx_word' id='word_1_193' title='bbox 653 1514 760 1581; x_wconf 91' lang='lat' dir='ltr'>curet,</span> <span class='ocrx_word' id='word_1_194' title='bbox 782 1504 869 1567; x_wconf 92' lang='lat' dir='ltr'>illum</span> <span class='ocrx_word' id='word_1_195' title='bbox 884 1524 957 1568; x_wconf 93' lang='lat' dir='ltr'>cuin</span> <span class='ocrx_word' id='word_1_196' title='bbox 976 1506 1038 1567; x_wconf 93' lang='lat' dir='ltr'>hoc</span> <span class='ocrx_word' id='word_1_197' title='bbox 1053 1504 1094 1566; x_wconf 90' lang='lat' dir='ltr'>de</span> <span class='ocrx_word' id='word_1_198' title='bbox 1111 1506 1226 1567; x_wconf 85' lang='lat' dir='ltr'>libellis</span> <span class='ocrx_word' id='word_1_199' title='bbox 1243 1506 1367 1567; x_wconf 88' lang='lat' dir='ltr'>Seuerii</span> <span class='ocrx_word' id='word_1_200' title='bbox 1383 1514 1417 1567; x_wconf 88' lang='lat' dir='ltr'>et</span> <span class='ocrx_word' id='word_1_201' title='bbox 1435 1505 1600 1568; x_wconf 83' lang='lat' dir='ltr'>(lrathusii</span> <span class='ocrx_word' id='word_1_202' title='bbox 1616 1506 1781 1587; x_wconf 87' lang='lat' dir='ltr'>loquutum</span> <span class='ocrx_word' id='word_1_203' title='bbox 1799 1523 1896 1587; x_wconf 90' lang='lat' dir='ltr'>esse,</span> <span class='ocrx_word' id='word_1_204' title='bbox 1917 1515 1951 1572; x_wconf 79' lang='grc' dir='ltr'>,οι</span> <span class='ocrx_word' id='word_1_205' title='bbox 1972 1505 2112 1572; x_wconf 79' lang='lat' dir='ltr'>boemo</span> 
     </span>
     <span class='ocr_line' id='line_1_16' title="bbox 113 1589 1395 1672; baseline 0 -18"><span class='ocrx_word' id='word_1_206' title='bbox 113 1590 298 1670; x_wconf 85' lang='lat' dir='ltr'>audivisse,</span> <span class='ocrx_word' id='word_1_207' title='bbox 321 1608 406 1671; x_wconf 87' lang='lat' dir='ltr'>quae</span> <span class='ocrx_word' id='word_1_208' title='bbox 420 1609 440 1652; x_wconf 90' lang='lat' dir='ltr'>a</span> <span class='ocrx_word' id='word_1_209' title='bbox 452 1589 683 1667; x_wconf 71' lang='lat' dir='ltr'>Melanthum,</span> <span class='ocrx_word' id='word_1_210' title='bbox 705 1599 740 1653; x_wconf 91' lang='lat' dir='ltr'>ut</span> <span class='ocrx_word' id='word_1_211' title='bbox 753 1609 816 1651; x_wconf 92' lang='lat' dir='ltr'>nou</span> <span class='ocrx_word' id='word_1_212' title='bbox 832 1609 852 1652; x_wconf 87' lang='lat' dir='ltr'>a</span> <span class='ocrx_word' id='word_1_213' title='bbox 866 1608 905 1653; x_wconf 91' lang='lat' dir='ltr'>se</span> <span class='ocrx_word' id='word_1_214' title='bbox 920 1591 1058 1672; x_wconf 89' lang='lat' dir='ltr'>scripta,</span> <span class='ocrx_word' id='word_1_215' title='bbox 1079 1592 1251 1672; x_wconf 89' lang='lat' dir='ltr'>reprobata</span> <span class='ocrx_word' id='word_1_216' title='bbox 1267 1589 1395 1654; x_wconf 86' lang='lat' dir='ltr'>luerint.</span> 
     </span>
    </p>
   </div>
   <div class='ocr_carea' id='block_1_4' title="bbox 241 1704 2112 1790">
    <p class='ocr_par' dir='ltr' id='par_1_5' title="bbox 241 1704 2112 1790">
     <span class='ocr_line' id='line_1_17' title="bbox 241 1704 2112 1790; baseline 0 -20"><span class='ocrx_word' id='word_1_217' title='bbox 241 1707 360 1789; x_wconf 92' lang='lat' dir='ltr'>Neque</span> <span class='ocrx_word' id='word_1_218' title='bbox 373 1705 660 1789; x_wconf 88' lang='lat' dir='ltr'>postVincentium</span> <span class='ocrx_word' id='word_1_219' title='bbox 672 1707 756 1769; x_wconf 89' lang='lat' dir='ltr'>alius</span> <span class='ocrx_word' id='word_1_220' title='bbox 770 1706 873 1770; x_wconf 75' lang='lat' dir='ltr'>extitit</span> <span class='ocrx_word' id='word_1_221' title='bbox 888 1706 984 1769; x_wconf 90' lang='lat' dir='ltr'>homo</span> <span class='ocrx_word' id='word_1_222' title='bbox 998 1705 1126 1790; x_wconf 90' lang='lat' dir='ltr'>doctus,</span> <span class='ocrx_word' id='word_1_223' title='bbox 1148 1707 1200 1788; x_wconf 93' lang='lat' dir='ltr'>qui</span> <span class='ocrx_word' id='word_1_224' title='bbox 1211 1704 1432 1769; x_wconf 86' lang='lat' dir='ltr'>Melanthonis</span> <span class='ocrx_word' id='word_1_225' title='bbox 1447 1705 1588 1769; x_wconf 90' lang='lat' dir='ltr'>carmina</span> <span class='ocrx_word' id='word_1_226' title='bbox 1602 1704 1706 1770; x_wconf 90' lang='lat' dir='ltr'>denuo</span> <span class='ocrx_word' id='word_1_227' title='bbox 1720 1706 1922 1789; x_wconf 79' lang='lat' dir='ltr'>collegisset.</span> <span class='ocrx_word' id='word_1_228' title='bbox 1951 1706 2041 1771; x_wconf 91' lang='lat' dir='ltr'>Nam</span> <span class='ocrx_word' id='word_1_229' title='bbox 2054 1707 2112 1772; x_wconf 86' lang='lat' dir='ltr'>libe</span> 
     </span>
    </p>
   </div>
   <div class='ocr_carea' id='block_1_5' title="bbox 158 1817 2112 1992">
    <p class='ocr_par' dir='ltr' id='par_1_6' title="bbox 158 1817 2112 1992">
     <span class='ocr_line' id='line_1_18' title="bbox 158 1817 2112 1908; baseline -0.001 -19"><span class='ocrx_word' id='word_1_230' title='bbox 158 1824 324 1908; x_wconf 86' lang='lat' dir='ltr'>„Phihppi</span> <span class='ocrx_word' id='word_1_231' title='bbox 336 1819 557 1885; x_wconf 83' lang='lat' dir='ltr'>Meluuibonis</span> <span class='ocrx_word' id='word_1_232' title='bbox 571 1822 836 1904; x_wconf 81' lang='lat' dir='ltr'>epigrammatum</span> <span class='ocrx_word' id='word_1_233' title='bbox 856 1823 927 1885; x_wconf 88' lang='lat' dir='ltr'>libri</span> <span class='ocrx_word' id='word_1_234' title='bbox 939 1823 998 1901; x_wconf 88' lang='lat' dir='ltr'>Vi,</span> <span class='ocrx_word' id='word_1_235' title='bbox 1012 1823 1167 1906; x_wconf 85' lang='lat' dir='ltr'>recogniti</span> <span class='ocrx_word' id='word_1_236' title='bbox 1181 1833 1215 1887; x_wconf 89' lang='lat' dir='ltr'>et</span> <span class='ocrx_word' id='word_1_237' title='bbox 1228 1823 1314 1886; x_wconf 84' lang='lat' dir='ltr'>aucti</span> <span class='ocrx_word' id='word_1_238' title='bbox 1330 1841 1350 1886; x_wconf 83' lang='lat' dir='ltr'>a</span> <span class='ocrx_word' id='word_1_239' title='bbox 1365 1822 1405 1885; x_wconf 85' lang='lat' dir='ltr'>D.</span> <span class='ocrx_word' id='word_1_240' title='bbox 1420 1819 1543 1884; x_wconf 81' lang='lat' dir='ltr'>leonae</span> <span class='ocrx_word' id='word_1_241' title='bbox 1564 1817 1715 1902; x_wconf 84' lang='lat' dir='ltr'>Maiore,</span> <span class='ocrx_word' id='word_1_242' title='bbox 1735 1824 1923 1888; x_wconf 88' lang='lat' dir='ltr'>loachimo”</span> <span class='ocrx_word' id='word_1_243' title='bbox 1945 1823 1979 1907; x_wconf 84' lang='lat' dir='ltr'>[i.</span> <span class='ocrx_word' id='word_1_244' title='bbox 1995 1842 2025 1888; x_wconf 88' lang='lat' dir='ltr'>e.</span> <span class='ocrx_word' id='word_1_245' title='bbox 2039 1825 2072 1887; x_wconf 93' lang='lat' dir='ltr'>in</span> <span class='ocrx_word' id='word_1_246' title='bbox 2086 1844 2112 1908; x_wconf 78' lang='lat' dir='ltr'>oq</span> 
     </span>
     <span class='ocr_line' id='line_1_19' title="bbox 201 1905 1750 1992; baseline -0.002 -21"><span class='ocrx_word' id='word_1_247' title='bbox 201 1909 311 1992; x_wconf 90' lang='lat' dir='ltr'>pidulo</span> <span class='ocrx_word' id='word_1_248' title='bbox 324 1905 552 1970; x_wconf 87' lang='lat' dir='ltr'>leuchimsthal</span> <span class='ocrx_word' id='word_1_249' title='bbox 567 1908 671 1989; x_wconf 72' lang='lat' dir='ltr'>nato]-</span> <span class='ocrx_word' id='word_1_250' title='bbox 715 1908 842 1973; x_wconf 89' lang='lat' dir='ltr'>Witeb.</span> <span class='ocrx_word' id='word_1_251' title='bbox 856 1908 949 1971; x_wconf 84' lang='lat'>1575.</span> <span class='ocrx_word' id='word_1_252' title='bbox 972 1909 1004 1971; x_wconf 88' lang='grc'>8.</span> <span class='ocrx_word' id='word_1_253' title='bbox 1740 1911 1750 1927; x_wconf 86' lang='grc'><strong>”</strong></span> 
     </span>
    </p>
   </div>
   <div class='ocr_carea' id='block_1_6' title="bbox 117 2020 2113 2279">
    <p class='ocr_par' dir='ltr' id='par_1_7' title="bbox 117 2020 2113 2279">
     <span class='ocr_line' id='line_1_20' title="bbox 117 2020 2113 2110; baseline -0.001 -19"><span class='ocrx_word' id='word_1_254' title='bbox 117 2049 180 2091; x_wconf 92' lang='lat' dir='ltr'>nun</span> <span class='ocrx_word' id='word_1_255' title='bbox 194 2028 285 2110; x_wconf 88' lang='lat' dir='ltr'>plura</span> <span class='ocrx_word' id='word_1_256' title='bbox 300 2025 399 2088; x_wconf 88' lang='lat' dir='ltr'>habet</span> <span class='ocrx_word' id='word_1_257' title='bbox 412 2042 507 2106; x_wconf 90' lang='lat' dir='ltr'>quam</span> <span class='ocrx_word' id='word_1_258' title='bbox 522 2021 715 2087; x_wconf 84' lang='lat' dir='ltr'>Vincentius</span> <span class='ocrx_word' id='word_1_259' title='bbox 729 2024 833 2104; x_wconf 90' lang='lat' dir='ltr'>dedit,</span> <span class='ocrx_word' id='word_1_260' title='bbox 855 2033 890 2086; x_wconf 91' lang='lat' dir='ltr'>et</span> <span class='ocrx_word' id='word_1_261' title='bbox 906 2025 949 2086; x_wconf 93' lang='lat' dir='ltr'>nil</span> <span class='ocrx_word' id='word_1_262' title='bbox 968 2033 1021 2086; x_wconf 81' lang='lat' dir='ltr'>est</span> <span class='ocrx_word' id='word_1_263' title='bbox 1039 2023 1100 2095; x_wconf 89' lang='lat' dir='ltr'>nisi</span> <span class='ocrx_word' id='word_1_264' title='bbox 1113 2022 1276 2087; x_wconf 84' lang='lat' dir='ltr'>Vinceniii</span> <span class='ocrx_word' id='word_1_265' title='bbox 1299 2025 1378 2087; x_wconf 90' lang='lat' dir='ltr'>liber</span> <span class='ocrx_word' id='word_1_266' title='bbox 1391 2020 1434 2086; x_wconf 90' lang='lat' dir='ltr'>ud</span> <span class='ocrx_word' id='word_1_267' title='bbox 1447 2025 1582 2087; x_wconf 91' lang='lat' dir='ltr'>verbum</span> <span class='ocrx_word' id='word_1_268' title='bbox 1597 2044 1758 2089; x_wconf 90' lang='lat' dir='ltr'>recusum.</span> <span class='ocrx_word' id='word_1_269' title='bbox 1805 2025 1924 2109; x_wconf 90' lang='lat' dir='ltr'>Neque</span> <span class='ocrx_word' id='word_1_270' title='bbox 1939 2025 2048 2089; x_wconf 82' lang='lat' dir='ltr'>Maior</span> <span class='ocrx_word' id='word_1_271' title='bbox 2069 2046 2113 2090; x_wconf 90' lang='lat' dir='ltr'>ve</span> 
     </span>
     <span class='ocr_line' id='line_1_21' title="bbox 117 2107 2112 2194; baseline -0.002 -17"><span class='ocrx_word' id='word_1_272' title='bbox 117 2114 227 2177; x_wconf 91' lang='lat' dir='ltr'>bulum</span> <span class='ocrx_word' id='word_1_273' title='bbox 246 2109 413 2194; x_wconf 87' lang='lat' dir='ltr'>praelatus</span> <span class='ocrx_word' id='word_1_274' title='bbox 433 2118 503 2186; x_wconf 91' lang='lat' dir='ltr'>est,</span> <span class='ocrx_word' id='word_1_275' title='bbox 527 2109 587 2171; x_wconf 90' lang='lat' dir='ltr'>sed</span> <span class='ocrx_word' id='word_1_276' title='bbox 604 2110 713 2173; x_wconf 91' lang='lat' dir='ltr'>recudi</span> <span class='ocrx_word' id='word_1_277' title='bbox 731 2111 855 2172; x_wconf 87' lang='lat' dir='ltr'>curavit</span> <span class='ocrx_word' id='word_1_278' title='bbox 877 2110 1064 2193; x_wconf 89' lang='lat' dir='ltr'>simpliciter</span> <span class='ocrx_word' id='word_1_279' title='bbox 1077 2107 1237 2172; x_wconf 87' lang='lat' dir='ltr'>Vincentii</span> <span class='ocrx_word' id='word_1_280' title='bbox 1256 2110 1428 2191; x_wconf 89' lang='lat' dir='ltr'>epistolam</span> <span class='ocrx_word' id='word_1_281' title='bbox 1449 2109 1679 2174; x_wconf 79' lang='lat' dir='ltr'>dedicatoriam</span> <span class='ocrx_word' id='word_1_282' title='bbox 1701 2111 1927 2174; x_wconf 71' lang='lat' dir='ltr'>adalbertum</span> <span class='ocrx_word' id='word_1_283' title='bbox 1951 2109 2112 2176; x_wconf 70' lang='lat' dir='ltr'>urinaria</span> 
     </span>
     <span class='ocr_line' id='line_1_22' title="bbox 117 2193 2038 2279; baseline -0.003 -16"><span class='ocrx_word' id='word_1_284' title='bbox 117 2198 348 2262; x_wconf 83' lang='lat' dir='ltr'>blarchionem.</span> <span class='ocrx_word' id='word_1_285' title='bbox 393 2193 469 2257; x_wconf 89' lang='lat' dir='ltr'>Non</span> <span class='ocrx_word' id='word_1_286' title='bbox 483 2196 703 2259; x_wconf 86' lang='lat' dir='ltr'>necessarium</span> <span class='ocrx_word' id='word_1_287' title='bbox 718 2195 815 2279; x_wconf 89' lang='lat' dir='ltr'>igitur</span> <span class='ocrx_word' id='word_1_288' title='bbox 828 2195 905 2258; x_wconf 91' lang='lat' dir='ltr'>milii</span> <span class='ocrx_word' id='word_1_289' title='bbox 922 2197 1030 2257; x_wconf 92' lang='lat' dir='ltr'>visum</span> <span class='ocrx_word' id='word_1_290' title='bbox 1046 2203 1114 2277; x_wconf 86' lang='lat' dir='ltr'>cst,</span> <span class='ocrx_word' id='word_1_291' title='bbox 1135 2205 1264 2277; x_wconf 89' lang='lat' dir='ltr'>praeter</span> <span class='ocrx_word' id='word_1_292' title='bbox 1280 2196 1483 2259; x_wconf 90' lang='lat' dir='ltr'>Vincentium</span> <span class='ocrx_word' id='word_1_293' title='bbox 1497 2197 1594 2259; x_wconf 90' lang='lat' dir='ltr'>etiam</span> <span class='ocrx_word' id='word_1_294' title='bbox 1608 2197 1743 2259; x_wconf 83' lang='lat' dir='ltr'>bluioris</span> <span class='ocrx_word' id='word_1_295' title='bbox 1763 2197 1875 2260; x_wconf 89' lang='lat' dir='ltr'>librum</span> <span class='ocrx_word' id='word_1_296' title='bbox 1893 2196 2038 2260; x_wconf 88' lang='lat' dir='ltr'>laudare.</span> 
     </span>
    </p>
   </div>
   <div class='ocr_carea' id='block_1_7' title="bbox 244 2308 1935 2401">
    <p class='ocr_par' dir='ltr' id='par_1_8' title="bbox 244 2308 1935 2401">
     <span class='ocr_line' id='line_1_23' title="bbox 244 2308 1935 2401; baseline -0.002 -25"><span class='ocrx_word' id='word_1_297' title='bbox 244 2313 388 2377; x_wconf 85' lang='lat' dir='ltr'>Prorsus</span> <span class='ocrx_word' id='word_1_298' title='bbox 399 2320 507 2374; x_wconf 88' lang='lat' dir='ltr'>autem</span> <span class='ocrx_word' id='word_1_299' title='bbox 522 2310 641 2401; x_wconf 82' lang='lat' dir='ltr'>nulhus</span> <span class='ocrx_word' id='word_1_300' title='bbox 657 2311 750 2392; x_wconf 88' lang='lat' dir='ltr'>pretii</span> <span class='ocrx_word' id='word_1_301' title='bbox 762 2321 839 2374; x_wconf 85' lang='lat' dir='ltr'>suut</span> <span class='ocrx_word' id='word_1_302' title='bbox 853 2311 924 2374; x_wconf 90' lang='lat' dir='ltr'>libri</span> <span class='ocrx_word' id='word_1_303' title='bbox 936 2308 1060 2394; x_wconf 76' lang='lat' dir='ltr'>(inpleri</span> <span class='ocrx_word' id='word_1_304' title='bbox 1073 2319 1107 2373; x_wconf 87' lang='lat' dir='ltr'>et</span> <span class='ocrx_word' id='word_1_305' title='bbox 1120 2308 1310 2393; x_wconf 80' lang='lat' dir='ltr'>Heqelundi.</span> <span class='ocrx_word' id='word_1_306' title='bbox 1353 2312 1444 2375; x_wconf 87' lang='lat' dir='ltr'>illius</span> <span class='ocrx_word' id='word_1_307' title='bbox 1463 2312 1542 2375; x_wconf 91' lang='lat' dir='ltr'>liber</span> <span class='ocrx_word' id='word_1_308' title='bbox 1555 2312 1655 2375; x_wconf 89' lang='lat' dir='ltr'>habet</span> <span class='ocrx_word' id='word_1_309' title='bbox 1674 2312 1935 2393; x_wconf 85' lang='lat' dir='ltr'>inscriptionem:</span> 
     </span>
    </p>
   </div>
   <div class='ocr_carea' id='block_1_8' title="bbox 162 2425 2112 2596">
    <p class='ocr_par' dir='ltr' id='par_1_9' title="bbox 162 2425 2112 2596">
     <span class='ocr_line' id='line_1_24' title="bbox 162 2425 2112 2515; baseline -0.001 -21"><span class='ocrx_word' id='word_1_310' title='bbox 162 2431 429 2515; x_wconf 78' lang='lat' dir='ltr'>„Epigrammata</span> <span class='ocrx_word' id='word_1_311' title='bbox 450 2427 534 2491; x_wconf 77' lang='lat' dir='ltr'>uov.</span> <span class='ocrx_word' id='word_1_312' title='bbox 555 2437 588 2491; x_wconf 88' lang='lat' dir='ltr'>et</span> <span class='ocrx_word' id='word_1_313' title='bbox 610 2425 744 2490; x_wconf 84' lang='lat' dir='ltr'>Clariss.</span> <span class='ocrx_word' id='word_1_314' title='bbox 766 2427 825 2488; x_wconf 88' lang='lat' dir='ltr'>viri</span> <span class='ocrx_word' id='word_1_315' title='bbox 848 2427 888 2490; x_wconf 90' lang='lat' dir='ltr'>l).</span> <span class='ocrx_word' id='word_1_316' title='bbox 909 2426 995 2489; x_wconf 88' lang='lat' dir='ltr'>Phil.</span> <span class='ocrx_word' id='word_1_317' title='bbox 1019 2427 1238 2490; x_wconf 86' lang='lat' dir='ltr'>Melanthonis</span> <span class='ocrx_word' id='word_1_318' title='bbox 1257 2427 1354 2492; x_wconf 77' lang='lat' dir='ltr'>iiixtu</span> <span class='ocrx_word' id='word_1_319' title='bbox 1375 2432 1489 2510; x_wconf 85' lang='lat' dir='ltr'>parter</span> <span class='ocrx_word' id='word_1_320' title='bbox 1513 2425 1708 2492; x_wconf 74' lang='lat' dir='ltr'>cataclismi</span> <span class='ocrx_word' id='word_1_321' title='bbox 1729 2427 1898 2510; x_wconf 74' lang='lat' dir='ltr'>[liutheri,</span> <span class='ocrx_word' id='word_1_322' title='bbox 1921 2430 2004 2492; x_wconf 90' lang='lat' dir='ltr'>satis</span> <span class='ocrx_word' id='word_1_323' title='bbox 2025 2429 2112 2512; x_wconf 90' lang='lat' dir='ltr'>iuept</span> 
     </span>
     <span class='ocr_line' id='line_1_25' title="bbox 202 2508 2112 2596; baseline -0.001 -17"><span class='ocrx_word' id='word_1_324' title='bbox 202 2517 338 2580; x_wconf 90' lang='lat' dir='ltr'>collecta</span> <span class='ocrx_word' id='word_1_325' title='bbox 351 2524 385 2576; x_wconf 90' lang='lat' dir='ltr'>et</span> <span class='ocrx_word' id='word_1_326' title='bbox 400 2514 579 2592; x_wconf 86' lang='lat' dir='ltr'>distributa,</span> <span class='ocrx_word' id='word_1_327' title='bbox 594 2533 693 2594; x_wconf 89' lang='lat' dir='ltr'>opera</span> <span class='ocrx_word' id='word_1_328' title='bbox 706 2525 739 2574; x_wconf 89' lang='lat' dir='ltr'>et</span> <span class='ocrx_word' id='word_1_329' title='bbox 756 2512 861 2596; x_wconf 90' lang='lat' dir='ltr'>studio</span> <span class='ocrx_word' id='word_1_330' title='bbox 880 2510 1012 2574; x_wconf 82' lang='lat' dir='ltr'>lucrinis</span> <span class='ocrx_word' id='word_1_331' title='bbox 1022 2508 1156 2596; x_wconf 71' lang='lat' dir='ltr'>depleri,</span> <span class='ocrx_word' id='word_1_332' title='bbox 1171 2515 1304 2577; x_wconf 87' lang='lat' dir='ltr'>verbum</span> <span class='ocrx_word' id='word_1_333' title='bbox 1318 2515 1380 2576; x_wconf 88' lang='lat' dir='ltr'>Dei</span> <span class='ocrx_word' id='word_1_334' title='bbox 1395 2514 1541 2577; x_wconf 90' lang='lat' dir='ltr'>docentis</span> <span class='ocrx_word' id='word_1_335' title='bbox 1556 2516 1683 2578; x_wconf 88' lang='lat' dir='ltr'>Stetiiii.</span> <span class='ocrx_word' id='word_1_336' title='bbox 1713 2512 2000 2580; x_wconf 75' lang='lat' dir='ltr'>Stetiuiau.1572.</span> <span class='ocrx_word' id='word_1_337' title='bbox 2017 2515 2050 2578; x_wconf 84' lang='lat'>8.</span> <span class='ocrx_word' id='word_1_338' title='bbox 2057 2519 2112 2578; x_wconf 90' lang='lat' dir='ltr'>mii</span> 
     </span>
    </p>
   </div>
   <div class='ocr_carea' id='block_1_9' title="bbox 118 2630 587 2698">
    <p class='ocr_par' dir='ltr' id='par_1_10' title="bbox 118 2630 587 2698">
     <span class='ocr_line' id='line_1_26' title="bbox 118 2630 587 2698; baseline -0.019 1"><span class='ocrx_word' id='word_1_339' title='bbox 118 2636 224 2698; x_wconf 85' lang='lat' dir='ltr'>Huius</span> <span class='ocrx_word' id='word_1_340' title='bbox 238 2634 317 2694; x_wconf 89' lang='lat' dir='ltr'>liber</span> <span class='ocrx_word' id='word_1_341' title='bbox 336 2632 433 2694; x_wconf 89' lang='lat' dir='ltr'>habet</span> <span class='ocrx_word' id='word_1_342' title='bbox 446 2630 587 2692; x_wconf 88' lang='lat' dir='ltr'>titulum:</span> 
     </span>
    </p>
   </div>
   <div class='ocr_carea' id='block_1_10' title="bbox 160 2742 2112 3008">
    <p class='ocr_par' dir='ltr' id='par_1_11' title="bbox 160 2742 2112 3008">
     <span class='ocr_line' id='line_1_27' title="bbox 160 2742 2102 2836; baseline -0.001 -23"><span class='ocrx_word' id='word_1_343' title='bbox 160 2751 430 2836; x_wconf 78' lang='lat' dir='ltr'>„Epigrammata</span> <span class='ocrx_word' id='word_1_344' title='bbox 453 2746 535 2808; x_wconf 89' lang='lat' dir='ltr'>Phil.</span> <span class='ocrx_word' id='word_1_345' title='bbox 558 2744 776 2808; x_wconf 86' lang='lat' dir='ltr'>blelantlionis</span> <span class='ocrx_word' id='word_1_346' title='bbox 795 2742 983 2824; x_wconf 83' lang='lat' dir='ltr'>selectiora,</span> <span class='ocrx_word' id='word_1_347' title='bbox 1006 2746 1151 2809; x_wconf 77' lang='lat' dir='ltr'>formulis</span> <span class='ocrx_word' id='word_1_348' title='bbox 1174 2765 1323 2829; x_wconf 91' lang='lat' dir='ltr'>precum,</span> <span class='ocrx_word' id='word_1_349' title='bbox 1345 2747 1505 2823; x_wconf 87' lang='lat' dir='ltr'>historiis,</span> <span class='ocrx_word' id='word_1_350' title='bbox 1533 2747 1723 2829; x_wconf 88' lang='lat' dir='ltr'>paraphrasi</span> <span class='ocrx_word' id='word_1_351' title='bbox 1741 2748 1898 2812; x_wconf 91' lang='lat' dir='ltr'>dictorum</span> <span class='ocrx_word' id='word_1_352' title='bbox 1917 2746 2102 2812; x_wconf 83' lang='lat' dir='ltr'>divinorum</span> 
     </span>
     <span class='ocr_line' id='line_1_28' title="bbox 203 2830 2112 2916; baseline -0.003 -18"><span class='ocrx_word' id='word_1_353' title='bbox 203 2833 376 2898; x_wconf 86' lang='lat' dir='ltr'>sententiis</span> <span class='ocrx_word' id='word_1_354' title='bbox 391 2832 595 2914; x_wconf 81' lang='lat' dir='ltr'>gravissimis</span> <span class='ocrx_word' id='word_1_355' title='bbox 614 2832 755 2894; x_wconf 80' lang='lat' dir='ltr'>inanime</span> <span class='ocrx_word' id='word_1_356' title='bbox 769 2830 925 2913; x_wconf 86' lang='lat' dir='ltr'>insignia,</span> <span class='ocrx_word' id='word_1_357' title='bbox 949 2850 992 2894; x_wconf 88' lang='lat' dir='ltr'>ex</span> <span class='ocrx_word' id='word_1_358' title='bbox 1005 2832 1091 2893; x_wconf 90' lang='lat' dir='ltr'>edito</span> <span class='ocrx_word' id='word_1_359' title='bbox 1107 2832 1382 2914; x_wconf 80' lang='lat' dir='ltr'>Epigrammatum</span> <span class='ocrx_word' id='word_1_360' title='bbox 1401 2831 1508 2894; x_wconf 90' lang='lat' dir='ltr'>libello</span> <span class='ocrx_word' id='word_1_361' title='bbox 1531 2832 1744 2916; x_wconf 81' lang='lat' dir='ltr'>[vincentii],</span> <span class='ocrx_word' id='word_1_362' title='bbox 1775 2845 1808 2896; x_wconf 93' lang='lat' dir='ltr'>et</span> <span class='ocrx_word' id='word_1_363' title='bbox 1830 2832 1960 2896; x_wconf 88' lang='lat' dir='ltr'>aliunde</span> <span class='ocrx_word' id='word_1_364' title='bbox 1983 2851 2112 2916; x_wconf 85' lang='lat' dir='ltr'>excerpi</span> 
     </span>
     <span class='ocr_line' id='line_1_29' title="bbox 204 2913 2112 3008; baseline 0 -26"><span class='ocrx_word' id='word_1_365' title='bbox 204 2925 240 2983; x_wconf 89' lang='lat' dir='ltr'>ut</span> <span class='ocrx_word' id='word_1_366' title='bbox 261 2917 370 3000; x_wconf 86' lang='lat' dir='ltr'>prieris</span> <span class='ocrx_word' id='word_1_367' title='bbox 392 2918 426 2978; x_wconf 88' lang='lat' dir='ltr'>in</span> <span class='ocrx_word' id='word_1_368' title='bbox 451 2914 508 2994; x_wconf 87' lang='lat' dir='ltr'>piu</span> <span class='ocrx_word' id='word_1_369' title='bbox 530 2913 732 2978; x_wconf 81' lang='lat' dir='ltr'>institutione</span> <span class='ocrx_word' id='word_1_370' title='bbox 752 2915 886 2997; x_wconf 82' lang='lat' dir='ltr'>proponi</span> <span class='ocrx_word' id='word_1_371' title='bbox 906 2921 939 2979; x_wconf 90' lang='lat' dir='ltr'>et</span> <span class='ocrx_word' id='word_1_372' title='bbox 960 2914 1119 2979; x_wconf 84' lang='lat' dir='ltr'>inculcari</span> <span class='ocrx_word' id='word_1_373' title='bbox 1143 2915 1285 2999; x_wconf 76' lang='lat' dir='ltr'>peribit,</span> <span class='ocrx_word' id='word_1_374' title='bbox 1315 2951 1356 2965; x_wconf 84' lang='lat'><em>-</em></span> <span class='ocrx_word' id='word_1_375' title='bbox 1386 2918 1525 3008; x_wconf 80' lang='lat' dir='ltr'>collecta</span> <span class='ocrx_word' id='word_1_376' title='bbox 1546 2937 1565 2980; x_wconf 91' lang='lat' dir='ltr'>a</span> <span class='ocrx_word' id='word_1_377' title='bbox 1588 2919 1633 2980; x_wconf 82' lang='lat' dir='ltr'>tt.</span> <span class='ocrx_word' id='word_1_378' title='bbox 1656 2916 1756 2982; x_wconf 85' lang='lat' dir='ltr'>Petro</span> <span class='ocrx_word' id='word_1_379' title='bbox 1777 2916 1980 3001; x_wconf 80' lang='lat' dir='ltr'>Hepeluudo,</span> <span class='ocrx_word' id='word_1_380' title='bbox 2009 2919 2112 2984; x_wconf 80' lang='lat' dir='ltr'>Lecto</span> 
     </span>
    </p>
   </div>
   <div class='ocr_carea' id='block_1_11' title="bbox 119 3000 2112 3206">
    <p class='ocr_par' dir='ltr' id='par_1_12' title="bbox 119 3000 2112 3206">
     <span class='ocr_line' id='line_1_30' title="bbox 204 3000 981 3085; baseline -0.003 -17"><span class='ocrx_word' id='word_1_381' title='bbox 204 3005 319 3068; x_wconf 80' lang='lat' dir='ltr'>&#39;l&#39;heol</span> <span class='ocrx_word' id='word_1_382' title='bbox 334 3003 490 3085; x_wconf 74' lang='lat' dir='ltr'>liipieiisi.</span> <span class='ocrx_word' id='word_1_383' title='bbox 532 3001 683 3064; x_wconf 77' lang='lat' dir='ltr'>Francos.</span> <span class='ocrx_word' id='word_1_384' title='bbox 697 3002 738 3065; x_wconf 94' lang='lat' dir='ltr'>ud</span> <span class='ocrx_word' id='word_1_385' title='bbox 751 3002 797 3065; x_wconf 78' lang='lat' dir='ltr'>ui.</span> <span class='ocrx_word' id='word_1_386' title='bbox 815 3000 909 3066; x_wconf 74' lang='lat' dir='ltr'>toea.</span> <span class='ocrx_word' id='word_1_387' title='bbox 932 3004 981 3066; x_wconf 86' lang='lat'>8.’&#39;</span> 
     </span>
     <span class='ocr_line' id='line_1_31' title="bbox 119 3114 2112 3206; baseline 0.001 -21"><span class='ocrx_word' id='word_1_388' title='bbox 119 3122 212 3202; x_wconf 83' lang='lat' dir='ltr'>Quae</span> <span class='ocrx_word' id='word_1_389' title='bbox 226 3118 303 3184; x_wconf 86' lang='lat' dir='ltr'>dixit</span> <span class='ocrx_word' id='word_1_390' title='bbox 318 3116 469 3201; x_wconf 83' lang='lat' dir='ltr'>„aliunde</span> <span class='ocrx_word' id='word_1_391' title='bbox 483 3114 679 3199; x_wconf 61' lang='lat' dir='ltr'>eucerptffl&#39;,</span> <span class='ocrx_word' id='word_1_392' title='bbox 694 3138 734 3180; x_wconf 87' lang='lat' dir='ltr'>ea</span> <span class='ocrx_word' id='word_1_393' title='bbox 745 3127 822 3181; x_wconf 88' lang='lat' dir='ltr'>sunt</span> <span class='ocrx_word' id='word_1_394' title='bbox 834 3118 889 3180; x_wconf 86' lang='lat' dir='ltr'>vel</span> <span class='ocrx_word' id='word_1_395' title='bbox 903 3120 1044 3182; x_wconf 89' lang='lat' dir='ltr'>carmina</span> <span class='ocrx_word' id='word_1_396' title='bbox 1057 3119 1200 3201; x_wconf 89' lang='lat' dir='ltr'>aliorum,</span> <span class='ocrx_word' id='word_1_397' title='bbox 1213 3120 1267 3181; x_wconf 85' lang='lat' dir='ltr'>vel</span> <span class='ocrx_word' id='word_1_398' title='bbox 1282 3121 1486 3201; x_wconf 88' lang='lat' dir='ltr'>precationes</span> <span class='ocrx_word' id='word_1_399' title='bbox 1500 3119 1720 3184; x_wconf 84' lang='lat' dir='ltr'>Melanthonis</span> <span class='ocrx_word' id='word_1_400' title='bbox 1734 3120 1877 3183; x_wconf 88' lang='lat' dir='ltr'>oratioue</span> <span class='ocrx_word' id='word_1_401' title='bbox 1889 3138 1988 3202; x_wconf 87' lang='lat' dir='ltr'>prosu</span> <span class='ocrx_word' id='word_1_402' title='bbox 2000 3123 2112 3206; x_wconf 84' lang='lat' dir='ltr'>scripti</span> 
     </span>
    </p>
   </div>
   <div class='ocr_carea' id='block_1_12' title="bbox 119 3233 2112 3577">
    <p class='ocr_par' dir='ltr' id='par_1_13' title="bbox 119 3233 2112 3577">
     <span class='ocr_line' id='line_1_32' title="bbox 247 3233 2112 3319; baseline 0.001 -20"><span class='ocrx_word' id='word_1_403' title='bbox 247 3238 363 3299; x_wconf 79' lang='lat' dir='ltr'>liibros</span> <span class='ocrx_word' id='word_1_404' title='bbox 374 3235 469 3316; x_wconf 87' lang='lat' dir='ltr'>igitur</span> <span class='ocrx_word' id='word_1_405' title='bbox 484 3234 662 3313; x_wconf 82' lang='lat' dir='ltr'>Gruthusii,</span> <span class='ocrx_word' id='word_1_406' title='bbox 684 3233 835 3307; x_wconf 82' lang='lat' dir='ltr'>Maioris,</span> <span class='ocrx_word' id='word_1_407' title='bbox 858 3235 990 3318; x_wconf 87' lang='lat' dir='ltr'>Cogleri</span> <span class='ocrx_word' id='word_1_408' title='bbox 1005 3246 1038 3298; x_wconf 92' lang='lat' dir='ltr'>et</span> <span class='ocrx_word' id='word_1_409' title='bbox 1052 3236 1237 3318; x_wconf 86' lang='lat' dir='ltr'>Hegelundi</span> <span class='ocrx_word' id='word_1_410' title='bbox 1251 3237 1372 3298; x_wconf 91' lang='lat' dir='ltr'>missos</span> <span class='ocrx_word' id='word_1_411' title='bbox 1393 3236 1475 3318; x_wconf 85' lang='lat' dir='ltr'>feci,</span> <span class='ocrx_word' id='word_1_412' title='bbox 1498 3245 1530 3298; x_wconf 92' lang='lat' dir='ltr'>et</span> <span class='ocrx_word' id='word_1_413' title='bbox 1547 3246 1671 3299; x_wconf 85' lang='lat' dir='ltr'>tantuin</span> <span class='ocrx_word' id='word_1_414' title='bbox 1691 3237 1786 3298; x_wconf 88' lang='lat' dir='ltr'>citavi</span> <span class='ocrx_word' id='word_1_415' title='bbox 1804 3235 2001 3319; x_wconf 85' lang='lat' dir='ltr'>farraginem</span> <span class='ocrx_word' id='word_1_416' title='bbox 2018 3238 2112 3303; x_wconf 82' lang='lat' dir='ltr'>Seue.</span> 
     </span>
     <span class='ocr_line' id='line_1_33' title="bbox 120 3317 2112 3408; baseline -0.001 -21"><span class='ocrx_word' id='word_1_417' title='bbox 120 3343 218 3408; x_wconf 89' lang='lat' dir='ltr'>opera</span> <span class='ocrx_word' id='word_1_418' title='bbox 232 3322 313 3384; x_wconf 79' lang='lat' dir='ltr'>utel.</span> <span class='ocrx_word' id='word_1_419' title='bbox 327 3317 529 3382; x_wconf 85' lang='lat' dir='ltr'>Basileensia</span> <span class='ocrx_word' id='word_1_420' title='bbox 544 3330 578 3380; x_wconf 86' lang='lat' dir='ltr'>et</span> <span class='ocrx_word' id='word_1_421' title='bbox 591 3320 702 3382; x_wconf 89' lang='lat' dir='ltr'>librum</span> <span class='ocrx_word' id='word_1_422' title='bbox 717 3318 890 3386; x_wconf 90' lang='lat' dir='ltr'>Vincentii.</span> <span class='ocrx_word' id='word_1_423' title='bbox 931 3318 1051 3403; x_wconf 87' lang='lat' dir='ltr'>Neque</span> <span class='ocrx_word' id='word_1_424' title='bbox 1066 3319 1149 3402; x_wconf 90' lang='lat' dir='ltr'>apud</span> <span class='ocrx_word' id='word_1_425' title='bbox 1167 3322 1336 3384; x_wconf 89' lang='lat' dir='ltr'>Secerium</span> <span class='ocrx_word' id='word_1_426' title='bbox 1352 3340 1457 3406; x_wconf 90' lang='lat' dir='ltr'>neque</span> <span class='ocrx_word' id='word_1_427' title='bbox 1471 3321 1556 3405; x_wconf 87' lang='lat' dir='ltr'>apud</span> <span class='ocrx_word' id='word_1_428' title='bbox 1566 3320 1771 3386; x_wconf 89' lang='lat' dir='ltr'>Vincentium</span> <span class='ocrx_word' id='word_1_429' title='bbox 1784 3324 1924 3404; x_wconf 88' lang='lat' dir='ltr'>paginae</span> <span class='ocrx_word' id='word_1_430' title='bbox 1939 3323 1993 3384; x_wconf 87' lang='lat' dir='ltr'>vel</span> <span class='ocrx_word' id='word_1_431' title='bbox 2010 3326 2112 3388; x_wconf 89' lang='lat' dir='ltr'>carini</span> 
     </span>
     <span class='ocr_line' id='line_1_34' title="bbox 119 3403 2112 3494; baseline -0.002 -21"><span class='ocrx_word' id='word_1_432' title='bbox 119 3411 239 3473; x_wconf 88' lang='lat' dir='ltr'>habent</span> <span class='ocrx_word' id='word_1_433' title='bbox 255 3422 422 3488; x_wconf 90' lang='lat' dir='ltr'>numeros,</span> <span class='ocrx_word' id='word_1_434' title='bbox 444 3403 582 3485; x_wconf 90' lang='lat' dir='ltr'>ideoque</span> <span class='ocrx_word' id='word_1_435' title='bbox 593 3406 729 3487; x_wconf 87' lang='lat' dir='ltr'>paginas</span> <span class='ocrx_word' id='word_1_436' title='bbox 744 3406 869 3468; x_wconf 87' lang='lat' dir='ltr'>Securii</span> <span class='ocrx_word' id='word_1_437' title='bbox 883 3416 993 3468; x_wconf 91' lang='lat' dir='ltr'>notare</span> <span class='ocrx_word' id='word_1_438' title='bbox 1012 3425 1074 3468; x_wconf 92' lang='lat' dir='ltr'>non</span> <span class='ocrx_word' id='word_1_439' title='bbox 1089 3407 1195 3489; x_wconf 88' lang='lat' dir='ltr'>potui,</span> <span class='ocrx_word' id='word_1_440' title='bbox 1219 3406 1380 3470; x_wconf 85' lang='lat' dir='ltr'>Vincentii</span> <span class='ocrx_word' id='word_1_441' title='bbox 1396 3419 1503 3471; x_wconf 90' lang='lat' dir='ltr'>autem</span> <span class='ocrx_word' id='word_1_442' title='bbox 1517 3408 1613 3490; x_wconf 92' lang='lat' dir='ltr'>libro,</span> <span class='ocrx_word' id='word_1_443' title='bbox 1637 3409 1755 3490; x_wconf 89' lang='lat' dir='ltr'>quippe</span> <span class='ocrx_word' id='word_1_444' title='bbox 1771 3408 1853 3468; x_wconf 90' lang='lat' dir='ltr'>l&#39;cuti</span> <span class='ocrx_word' id='word_1_445' title='bbox 1870 3408 2031 3491; x_wconf 87' lang='lat' dir='ltr'>primario,</span> <span class='ocrx_word' id='word_1_446' title='bbox 2054 3428 2112 3494; x_wconf 80' lang='lat' dir='ltr'>pag</span> 
     </span>
     <span class='ocr_line' id='line_1_35' title="bbox 120 3489 1513 3577; baseline -0.002 -20"><span class='ocrx_word' id='word_1_447' title='bbox 120 3513 180 3557; x_wconf 89' lang='lat' dir='ltr'>nas</span> <span class='ocrx_word' id='word_1_448' title='bbox 194 3491 370 3574; x_wconf 86' lang='lat' dir='ltr'>adscripsi,</span> <span class='ocrx_word' id='word_1_449' title='bbox 392 3500 427 3553; x_wconf 88' lang='lat' dir='ltr'>iit</span> <span class='ocrx_word' id='word_1_450' title='bbox 440 3501 592 3553; x_wconf 87' lang='lat' dir='ltr'>accurate</span> <span class='ocrx_word' id='word_1_451' title='bbox 605 3489 666 3552; x_wconf 90' lang='lat' dir='ltr'>dici</span> <span class='ocrx_word' id='word_1_452' title='bbox 680 3501 808 3571; x_wconf 88' lang='lat' dir='ltr'>posset,</span> <span class='ocrx_word' id='word_1_453' title='bbox 832 3511 895 3573; x_wconf 92' lang='lat' dir='ltr'>quo</span> <span class='ocrx_word' id='word_1_454' title='bbox 909 3491 981 3553; x_wconf 93' lang='lat' dir='ltr'>loco</span> <span class='ocrx_word' id='word_1_455' title='bbox 997 3493 1194 3575; x_wconf 88' lang='lat' dir='ltr'>epigramma</span> <span class='ocrx_word' id='word_1_456' title='bbox 1209 3492 1360 3577; x_wconf 91' lang='lat' dir='ltr'>quodque</span> <span class='ocrx_word' id='word_1_457' title='bbox 1376 3493 1513 3575; x_wconf 89' lang='lat' dir='ltr'>legatur.</span> 
     </span>
    </p>
   </div>
   <div class='ocr_carea' id='block_1_13' title="bbox 120 3604 2112 4117">
    <p class='ocr_par' dir='ltr' id='par_1_14' title="bbox 120 3604 2112 4117">
     <span class='ocr_line' id='line_1_36' title="bbox 250 3604 2110 3690; baseline 0.001 -17"><span class='ocrx_word' id='word_1_458' title='bbox 250 3611 300 3673; x_wconf 82' lang='lat' dir='ltr'>lle</span> <span class='ocrx_word' id='word_1_459' title='bbox 316 3605 426 3670; x_wconf 92' lang='lat' dir='ltr'>ordine</span> <span class='ocrx_word' id='word_1_460' title='bbox 441 3606 495 3668; x_wconf 90' lang='lat' dir='ltr'>vel</span> <span class='ocrx_word' id='word_1_461' title='bbox 508 3606 593 3667; x_wconf 91' lang='lat' dir='ltr'>serie</span> <span class='ocrx_word' id='word_1_462' title='bbox 607 3607 781 3668; x_wconf 90' lang='lat' dir='ltr'>carminum</span> <span class='ocrx_word' id='word_1_463' title='bbox 796 3609 930 3689; x_wconf 88' lang='lat' dir='ltr'>primum</span> <span class='ocrx_word' id='word_1_464' title='bbox 945 3607 1156 3671; x_wconf 86' lang='lat' dir='ltr'>haesitabam.</span> <span class='ocrx_word' id='word_1_465' title='bbox 1199 3609 1315 3690; x_wconf 81' lang='lat' dir='ltr'>Aeque</span> <span class='ocrx_word' id='word_1_466' title='bbox 1337 3611 1420 3671; x_wconf 91' lang='lat' dir='ltr'>enirn</span> <span class='ocrx_word' id='word_1_467' title='bbox 1436 3605 1566 3671; x_wconf 90' lang='lat' dir='ltr'>dilflcile</span> <span class='ocrx_word' id='word_1_468' title='bbox 1578 3608 1747 3672; x_wconf 88' lang='lat' dir='ltr'>videbatur</span> <span class='ocrx_word' id='word_1_469' title='bbox 1771 3624 1811 3667; x_wconf 89' lang='lat' dir='ltr'>ea</span> <span class='ocrx_word' id='word_1_470' title='bbox 1832 3604 2006 3688; x_wconf 88' lang='lat' dir='ltr'>disponere</span> <span class='ocrx_word' id='word_1_471' title='bbox 2027 3628 2110 3676; x_wconf 90' lang='lat' dir='ltr'>secu</span> 
     </span>
     <span class='ocr_line' id='line_1_37' title="bbox 120 3690 2109 3780; baseline -0.001 -20"><span class='ocrx_word' id='word_1_472' title='bbox 120 3695 196 3760; x_wconf 89' lang='lat' dir='ltr'>dum</span> <span class='ocrx_word' id='word_1_473' title='bbox 211 3702 451 3779; x_wconf 88' lang='lat' dir='ltr'>argumentum,</span> <span class='ocrx_word' id='word_1_474' title='bbox 472 3690 703 3753; x_wconf 82' lang='lat' dir='ltr'>sesecundum</span> <span class='ocrx_word' id='word_1_475' title='bbox 717 3693 1014 3756; x_wconf 85' lang='lat' dir='ltr'>seriemuunorum.</span> <span class='ocrx_word' id='word_1_476' title='bbox 1059 3691 1259 3771; x_wconf 83' lang='lat' dir='ltr'>Quibusdam</span> <span class='ocrx_word' id='word_1_477' title='bbox 1272 3693 1398 3775; x_wconf 90' lang='lat' dir='ltr'>quidem</span> <span class='ocrx_word' id='word_1_478' title='bbox 1414 3695 1607 3756; x_wconf 89' lang='lat' dir='ltr'>carminibus</span> <span class='ocrx_word' id='word_1_479' title='bbox 1623 3693 1817 3755; x_wconf 89' lang='lat' dir='ltr'>Vincentius</span> <span class='ocrx_word' id='word_1_480' title='bbox 1839 3694 1869 3753; x_wconf 91' lang='lat' dir='ltr'>in</span> <span class='ocrx_word' id='word_1_481' title='bbox 1884 3697 2031 3779; x_wconf 84' lang='lat' dir='ltr'>margine</span> <span class='ocrx_word' id='word_1_482' title='bbox 2045 3695 2109 3780; x_wconf 90' lang='lat' dir='ltr'>adp</span> 
     </span>
     <span class='ocr_line' id='line_1_38' title="bbox 121 3775 2112 3860; baseline 0.001 -15"><span class='ocrx_word' id='word_1_483' title='bbox 121 3783 187 3846; x_wconf 90' lang='lat' dir='ltr'>suit</span> <span class='ocrx_word' id='word_1_484' title='bbox 199 3798 316 3843; x_wconf 90' lang='lat' dir='ltr'>annum</span> <span class='ocrx_word' id='word_1_485' title='bbox 330 3795 441 3838; x_wconf 90' lang='lat' dir='ltr'>eorum</span> <span class='ocrx_word' id='word_1_486' title='bbox 455 3776 615 3855; x_wconf 85' lang='lat' dir='ltr'>nativum,</span> <span class='ocrx_word' id='word_1_487' title='bbox 636 3775 695 3837; x_wconf 88' lang='lat' dir='ltr'>sed</span> <span class='ocrx_word' id='word_1_488' title='bbox 708 3779 833 3857; x_wconf 89' lang='lat' dir='ltr'>paucis.</span> <span class='ocrx_word' id='word_1_489' title='bbox 879 3777 1072 3840; x_wconf 78' lang='lat' dir='ltr'>Gruthusius</span> <span class='ocrx_word' id='word_1_490' title='bbox 1089 3778 1247 3859; x_wconf 90' lang='lat' dir='ltr'>disposuit</span> <span class='ocrx_word' id='word_1_491' title='bbox 1260 3778 1390 3860; x_wconf 90' lang='lat' dir='ltr'>quidem</span> <span class='ocrx_word' id='word_1_492' title='bbox 1406 3781 1548 3842; x_wconf 88' lang='lat' dir='ltr'>carmina</span> <span class='ocrx_word' id='word_1_493' title='bbox 1562 3782 1593 3840; x_wconf 92' lang='lat' dir='ltr'>in</span> <span class='ocrx_word' id='word_1_494' title='bbox 1610 3791 1677 3842; x_wconf 91' lang='lat' dir='ltr'>tres</span> <span class='ocrx_word' id='word_1_495' title='bbox 1693 3779 1803 3855; x_wconf 86' lang='lat' dir='ltr'>libros,</span> <span class='ocrx_word' id='word_1_496' title='bbox 1824 3779 1942 3857; x_wconf 90' lang='lat' dir='ltr'>quibus</span> <span class='ocrx_word' id='word_1_497' title='bbox 1960 3781 2112 3846; x_wconf 86' lang='lat' dir='ltr'>Vincenti</span> 
     </span>
     <span class='ocr_line' id='line_1_39' title="bbox 120 3858 2112 3949; baseline -0.001 -19"><span class='ocrx_word' id='word_1_498' title='bbox 120 3880 187 3930; x_wconf 83' lang='lat' dir='ltr'>tres</span> <span class='ocrx_word' id='word_1_499' title='bbox 199 3876 369 3949; x_wconf 85' lang='lat' dir='ltr'>praeterea</span> <span class='ocrx_word' id='word_1_500' title='bbox 382 3860 511 3941; x_wconf 86' lang='lat' dir='ltr'>addidit,</span> <span class='ocrx_word' id='word_1_501' title='bbox 533 3858 595 3922; x_wconf 92' lang='lat' dir='ltr'>sed</span> <span class='ocrx_word' id='word_1_502' title='bbox 611 3878 716 3941; x_wconf 90' lang='lat' dir='ltr'>neque</span> <span class='ocrx_word' id='word_1_503' title='bbox 730 3874 987 3944; x_wconf 87' lang='lat' dir='ltr'>argumentorum</span> <span class='ocrx_word' id='word_1_504' title='bbox 1000 3881 1104 3944; x_wconf 91' lang='lat' dir='ltr'>neque</span> <span class='ocrx_word' id='word_1_505' title='bbox 1121 3859 1275 3926; x_wconf 89' lang='lat' dir='ltr'>annorum</span> <span class='ocrx_word' id='word_1_506' title='bbox 1290 3864 1481 3927; x_wconf 88' lang='lat' dir='ltr'>discriminis</span> <span class='ocrx_word' id='word_1_507' title='bbox 1495 3867 1579 3927; x_wconf 90' lang='lat' dir='ltr'>iusta</span> <span class='ocrx_word' id='word_1_508' title='bbox 1595 3865 1704 3926; x_wconf 84' lang='lat' dir='ltr'>habitu</span> <span class='ocrx_word' id='word_1_509' title='bbox 1715 3872 1768 3924; x_wconf 88' lang='lat' dir='ltr'>est</span> <span class='ocrx_word' id='word_1_510' title='bbox 1781 3864 1869 3924; x_wconf 86' lang='lat' dir='ltr'>ratio.</span> <span class='ocrx_word' id='word_1_511' title='bbox 1913 3865 2066 3948; x_wconf 86' lang='lat' dir='ltr'>Denique</span> <span class='ocrx_word' id='word_1_512' title='bbox 2077 3871 2112 3931; x_wconf 80' lang='grc' dir='ltr'>ιιιΙ</span> 
     </span>
     <span class='ocr_line' id='line_1_40' title="bbox 121 3944 2112 4036; baseline 0.001 -21"><span class='ocrx_word' id='word_1_513' title='bbox 121 3962 229 4015; x_wconf 71' lang='lat' dir='ltr'>umen</span> <span class='ocrx_word' id='word_1_514' title='bbox 243 3949 412 4012; x_wconf 87' lang='lat' dir='ltr'>videbatur</span> <span class='ocrx_word' id='word_1_515' title='bbox 427 3947 578 4028; x_wconf 87' lang='lat' dir='ltr'>optimum</span> <span class='ocrx_word' id='word_1_516' title='bbox 592 3964 687 4027; x_wconf 89' lang='lat' dir='ltr'>esse,</span> <span class='ocrx_word' id='word_1_517' title='bbox 710 3944 877 4030; x_wconf 87' lang='lat' dir='ltr'>Carmina,</span> <span class='ocrx_word' id='word_1_518' title='bbox 896 3967 1002 4031; x_wconf 90' lang='lat' dir='ltr'>aeque</span> <span class='ocrx_word' id='word_1_519' title='bbox 1015 3949 1243 4028; x_wconf 88' lang='lat' dir='ltr'>acepistolas,</span> <span class='ocrx_word' id='word_1_520' title='bbox 1265 3949 1445 4012; x_wconf 88' lang='lat' dir='ltr'>secundum</span> <span class='ocrx_word' id='word_1_521' title='bbox 1466 3952 1584 4012; x_wconf 91' lang='lat' dir='ltr'>seriem</span> <span class='ocrx_word' id='word_1_522' title='bbox 1608 3966 1762 4012; x_wconf 86' lang='lat' dir='ltr'>annorum</span> <span class='ocrx_word' id='word_1_523' title='bbox 1783 3965 1915 4030; x_wconf 89' lang='lat' dir='ltr'>ponere.</span> <span class='ocrx_word' id='word_1_524' title='bbox 1959 3948 2112 4036; x_wconf 80' lang='lat' dir='ltr'>Quanqut</span> 
     </span>
     <span class='ocr_line' id='line_1_41' title="bbox 121 4031 2112 4117; baseline 0.001 -17"><span class='ocrx_word' id='word_1_525' title='bbox 121 4041 206 4100; x_wconf 91' lang='lat' dir='ltr'>euim</span> <span class='ocrx_word' id='word_1_526' title='bbox 220 4038 338 4116; x_wconf 84' lang='lat' dir='ltr'>inagna</span> <span class='ocrx_word' id='word_1_527' title='bbox 359 4050 434 4112; x_wconf 90' lang='lat' dir='ltr'>pars</span> <span class='ocrx_word' id='word_1_528' title='bbox 447 4031 621 4095; x_wconf 87' lang='lat' dir='ltr'>carminum</span> <span class='ocrx_word' id='word_1_529' title='bbox 636 4032 876 4114; x_wconf 86' lang='lat' dir='ltr'>itucompareta</span> <span class='ocrx_word' id='word_1_530' title='bbox 891 4045 961 4116; x_wconf 88' lang='lat' dir='ltr'>est,</span> <span class='ocrx_word' id='word_1_531' title='bbox 985 4042 1145 4096; x_wconf 91' lang='lat' dir='ltr'>uteorum</span> <span class='ocrx_word' id='word_1_532' title='bbox 1158 4052 1261 4097; x_wconf 83' lang='lat' dir='ltr'>annus</span> <span class='ocrx_word' id='word_1_533' title='bbox 1282 4037 1411 4097; x_wconf 81' lang='lat' dir='ltr'>nativus</span> <span class='ocrx_word' id='word_1_534' title='bbox 1428 4035 1552 4098; x_wconf 88' lang='lat' dir='ltr'>deliniri</span> <span class='ocrx_word' id='word_1_535' title='bbox 1570 4044 1726 4117; x_wconf 85' lang='lat' dir='ltr'>nequeat,</span> <span class='ocrx_word' id='word_1_536' title='bbox 1748 4044 1855 4095; x_wconf 87' lang='lat' dir='ltr'>tamen</span> <span class='ocrx_word' id='word_1_537' title='bbox 1864 4079 1875 4116; x_wconf 92' lang='lat'>,</span> <span class='ocrx_word' id='word_1_538' title='bbox 1896 4043 1932 4098; x_wconf 86' lang='lat' dir='ltr'>ut</span> <span class='ocrx_word' id='word_1_539' title='bbox 1953 4049 2052 4100; x_wconf 89' lang='lat' dir='ltr'>antea</span> <span class='ocrx_word' id='word_1_540' title='bbox 2064 4039 2112 4101; x_wconf 82' lang='lat' dir='ltr'>dir</span> 
     </span>
    </p>
   </div>
   <div class='ocr_carea' id='block_1_14' title="bbox 23 4117 2112 4202">
    <p class='ocr_par' dir='ltr' id='par_1_15' title="bbox 23 4117 2112 4202">
     <span class='ocr_line' id='line_1_42' title="bbox 23 4117 2112 4202; baseline 0.001 -17"><span class='ocrx_word' id='word_1_541' title='bbox 23 4121 25 4125; x_wconf 80' lang='grc'><strong>’</strong></span> <span class='ocrx_word' id='word_1_542' title='bbox 119 4141 211 4199; x_wconf 88' lang='lat' dir='ltr'>nius,</span> <span class='ocrx_word' id='word_1_543' title='bbox 233 4134 372 4183; x_wconf 88' lang='lat' dir='ltr'>necesse</span> <span class='ocrx_word' id='word_1_544' title='bbox 386 4128 455 4198; x_wconf 89' lang='lat' dir='ltr'>est,</span> <span class='ocrx_word' id='word_1_545' title='bbox 476 4118 581 4178; x_wconf 92' lang='lat' dir='ltr'>omnia</span> <span class='ocrx_word' id='word_1_546' title='bbox 593 4133 677 4197; x_wconf 89' lang='lat' dir='ltr'>quae</span> <span class='ocrx_word' id='word_1_547' title='bbox 691 4117 845 4181; x_wconf 88' lang='lat' dir='ltr'>Secerius</span> <span class='ocrx_word' id='word_1_548' title='bbox 861 4117 967 4198; x_wconf 90' lang='lat' dir='ltr'>dedit,</span> <span class='ocrx_word' id='word_1_549' title='bbox 990 4129 1064 4181; x_wconf 89' lang='lat' dir='ltr'>ante</span> <span class='ocrx_word' id='word_1_550' title='bbox 1078 4138 1195 4180; x_wconf 87' lang='lat' dir='ltr'>annum</span> <span class='ocrx_word' id='word_1_551' title='bbox 1215 4119 1324 4200; x_wconf 74' lang='lat'>1527,</span> <span class='ocrx_word' id='word_1_552' title='bbox 1347 4124 1382 4182; x_wconf 88' lang='lat' dir='ltr'>et</span> <span class='ocrx_word' id='word_1_553' title='bbox 1399 4122 1504 4183; x_wconf 92' lang='lat' dir='ltr'>oinnia</span> <span class='ocrx_word' id='word_1_554' title='bbox 1520 4139 1602 4202; x_wconf 91' lang='lat' dir='ltr'>quae</span> <span class='ocrx_word' id='word_1_555' title='bbox 1626 4125 1656 4181; x_wconf 89' lang='lat' dir='ltr'>iii</span> <span class='ocrx_word' id='word_1_556' title='bbox 1670 4117 1892 4182; x_wconf 83' lang='lat' dir='ltr'>Melanthonis</span> <span class='ocrx_word' id='word_1_557' title='bbox 1914 4124 2068 4202; x_wconf 87' lang='lat' dir='ltr'>operibus</span> <span class='ocrx_word' id='word_1_558' title='bbox 2082 4125 2112 4186; x_wconf 77' lang='lat' dir='ltr'>lh</span> 
     </span>
    </p>
   </div>
   <div class='ocr_carea' id='block_1_15' title="bbox 27 4203 2112 4541">
    <p class='ocr_par' dir='ltr' id='par_1_16' title="bbox 27 4203 2112 4541">
     <span class='ocr_line' id='line_1_43' title="bbox 27 4203 2112 4291; baseline 0 -21"><span class='ocrx_word' id='word_1_559' title='bbox 27 4214 31 4225; x_wconf 90' lang='lat'><strong><em>‘</em></strong></span> <span class='ocrx_word' id='word_1_560' title='bbox 121 4206 315 4270; x_wconf 89' lang='lat' dir='ltr'>sileensibus</span> <span class='ocrx_word' id='word_1_561' title='bbox 329 4203 478 4284; x_wconf 89' lang='lat' dir='ltr'>leguntur</span> <span class='ocrx_word' id='word_1_562' title='bbox 491 4211 722 4263; x_wconf 87' lang='lat' dir='ltr'>autemensem</span> <span class='ocrx_word' id='word_1_563' title='bbox 736 4203 923 4284; x_wconf 84' lang='lat' dir='ltr'>Augustum</span> <span class='ocrx_word' id='word_1_564' title='bbox 938 4204 1013 4266; x_wconf 90' lang='lat' dir='ltr'>anni</span> <span class='ocrx_word' id='word_1_565' title='bbox 1028 4203 1121 4266; x_wconf 77' lang='lat'>1541.</span> <span class='ocrx_word' id='word_1_566' title='bbox 1136 4206 1256 4287; x_wconf 91' lang='lat' dir='ltr'>scripta</span> <span class='ocrx_word' id='word_1_567' title='bbox 1271 4224 1359 4268; x_wconf 90' lang='lat' dir='ltr'>esse.</span> <span class='ocrx_word' id='word_1_568' title='bbox 1391 4204 1554 4289; x_wconf 89' lang='lat' dir='ltr'>Optimum</span> <span class='ocrx_word' id='word_1_569' title='bbox 1568 4208 1662 4287; x_wconf 88' lang='lat' dir='ltr'>igitur</span> <span class='ocrx_word' id='word_1_570' title='bbox 1676 4207 1783 4266; x_wconf 91' lang='lat' dir='ltr'>visum</span> <span class='ocrx_word' id='word_1_571' title='bbox 1798 4215 1851 4267; x_wconf 88' lang='lat' dir='ltr'>est</span> <span class='ocrx_word' id='word_1_572' title='bbox 1865 4211 2008 4272; x_wconf 89' lang='lat' dir='ltr'>carmina</span> <span class='ocrx_word' id='word_1_573' title='bbox 2022 4211 2053 4272; x_wconf 92' lang='lat' dir='ltr'>iii</span> <span class='ocrx_word' id='word_1_574' title='bbox 2068 4227 2112 4291; x_wconf 88' lang='lat' dir='ltr'>qiu</span> 
     </span>
     <span class='ocr_line' id='line_1_44' title="bbox 121 4288 2112 4374; baseline -0.001 -17"><span class='ocrx_word' id='word_1_575' title='bbox 121 4305 192 4359; x_wconf 92' lang='lat' dir='ltr'>tuor</span> <span class='ocrx_word' id='word_1_576' title='bbox 205 4292 304 4354; x_wconf 85' lang='lat' dir='ltr'>libros</span> <span class='ocrx_word' id='word_1_577' title='bbox 323 4288 512 4369; x_wconf 90' lang='lat' dir='ltr'>disponere,</span> <span class='ocrx_word' id='word_1_578' title='bbox 535 4305 670 4368; x_wconf 89' lang='lat' dir='ltr'>quorum</span> <span class='ocrx_word' id='word_1_579' title='bbox 682 4290 804 4368; x_wconf 91' lang='lat' dir='ltr'>primus</span> <span class='ocrx_word' id='word_1_580' title='bbox 820 4289 1042 4370; x_wconf 90' lang='lat' dir='ltr'>complectitur</span> <span class='ocrx_word' id='word_1_581' title='bbox 1054 4290 1197 4351; x_wconf 87' lang='lat' dir='ltr'>carmina</span> <span class='ocrx_word' id='word_1_582' title='bbox 1209 4300 1285 4352; x_wconf 82' lang='lat' dir='ltr'>unte</span> <span class='ocrx_word' id='word_1_583' title='bbox 1301 4309 1419 4354; x_wconf 90' lang='lat' dir='ltr'>annum</span> <span class='ocrx_word' id='word_1_584' title='bbox 1435 4290 1544 4374; x_wconf 72' lang='lat'>1527,</span> <span class='ocrx_word' id='word_1_585' title='bbox 1566 4292 1731 4354; x_wconf 89' lang='lat' dir='ltr'>secundus</span> <span class='ocrx_word' id='word_1_586' title='bbox 1752 4292 1893 4354; x_wconf 92' lang='lat' dir='ltr'>carmina</span> <span class='ocrx_word' id='word_1_587' title='bbox 1914 4292 1989 4355; x_wconf 89' lang='lat' dir='ltr'>iude</span> <span class='ocrx_word' id='word_1_588' title='bbox 2008 4296 2048 4357; x_wconf 82' lang='lat' dir='ltr'>ab</span> <span class='ocrx_word' id='word_1_589' title='bbox 2068 4313 2112 4358; x_wconf 80' lang='lat' dir='ltr'>aui</span> 
     </span>
     <span class='ocr_line' id='line_1_45' title="bbox 122 4371 2112 4463; baseline -0.001 -22"><span class='ocrx_word' id='word_1_590' title='bbox 122 4377 216 4441; x_wconf 74' lang='lat'>1527.</span> <span class='ocrx_word' id='word_1_591' title='bbox 228 4393 332 4458; x_wconf 89' lang='lat' dir='ltr'>usque</span> <span class='ocrx_word' id='word_1_592' title='bbox 348 4373 389 4436; x_wconf 88' lang='lat' dir='ltr'>ad</span> <span class='ocrx_word' id='word_1_593' title='bbox 405 4390 523 4434; x_wconf 86' lang='lat' dir='ltr'>anuum</span> <span class='ocrx_word' id='word_1_594' title='bbox 540 4371 634 4434; x_wconf 79' lang='lat'>1540.</span> <span class='ocrx_word' id='word_1_595' title='bbox 650 4373 786 4454; x_wconf 86' lang='lat' dir='ltr'>scripta,</span> <span class='ocrx_word' id='word_1_596' title='bbox 808 4376 923 4437; x_wconf 90' lang='lat' dir='ltr'>tertius</span> <span class='ocrx_word' id='word_1_597' title='bbox 937 4375 1170 4457; x_wconf 87' lang='lat' dir='ltr'>epigrammata</span> <span class='ocrx_word' id='word_1_598' title='bbox 1187 4376 1228 4438; x_wconf 91' lang='lat' dir='ltr'>ub</span> <span class='ocrx_word' id='word_1_599' title='bbox 1244 4395 1296 4438; x_wconf 87' lang='lat' dir='ltr'>au.</span> <span class='ocrx_word' id='word_1_600' title='bbox 1314 4377 1448 4439; x_wconf 77' lang='grc'><strong>1541-</strong></span> <span class='ocrx_word' id='word_1_601' title='bbox 1458 4377 1551 4440; x_wconf 83' lang='lat'>¹560.</span> <span class='ocrx_word' id='word_1_602' title='bbox 1566 4377 1671 4458; x_wconf 86' lang='lat' dir='ltr'>iacta,</span> <span class='ocrx_word' id='word_1_603' title='bbox 1694 4387 1727 4438; x_wconf 92' lang='lat' dir='ltr'>et</span> <span class='ocrx_word' id='word_1_604' title='bbox 1743 4386 1877 4456; x_wconf 90' lang='lat' dir='ltr'>quartus</span> <span class='ocrx_word' id='word_1_605' title='bbox 1899 4396 1958 4456; x_wconf 89' lang='lat' dir='ltr'>ou,</span> <span class='ocrx_word' id='word_1_606' title='bbox 1980 4377 2023 4442; x_wconf 90' lang='lat' dir='ltr'>de</span> <span class='ocrx_word' id='word_1_607' title='bbox 2036 4381 2112 4463; x_wconf 87' lang='lat' dir='ltr'>quilii</span> 
     </span>
     <span class='ocr_line' id='line_1_46' title="bbox 121 4459 932 4541; baseline -0.002 -16"><span class='ocrx_word' id='word_1_608' title='bbox 121 4462 244 4525; x_wconf 87' lang='lat' dir='ltr'>definiri</span> <span class='ocrx_word' id='word_1_609' title='bbox 257 4480 321 4524; x_wconf 92' lang='lat' dir='ltr'>nou</span> <span class='ocrx_word' id='word_1_610' title='bbox 335 4459 467 4540; x_wconf 88' lang='lat' dir='ltr'>poterit,</span> <span class='ocrx_word' id='word_1_611' title='bbox 485 4476 547 4539; x_wconf 91' lang='lat' dir='ltr'>quo</span> <span class='ocrx_word' id='word_1_612' title='bbox 565 4467 709 4537; x_wconf 89' lang='lat' dir='ltr'>tempore</span> <span class='ocrx_word' id='word_1_613' title='bbox 722 4460 842 4541; x_wconf 88' lang='lat' dir='ltr'>scripta</span> <span class='ocrx_word' id='word_1_614' title='bbox 858 4461 932 4524; x_wconf 91' lang='lat' dir='ltr'>sint.</span> 
     </span>
    </p>
   </div>
   <div class='ocr_carea' id='block_1_16' title="bbox 248 4571 1788 4664">
    <p class='ocr_par' dir='ltr' id='par_1_17' title="bbox 248 4571 1788 4664">
     <span class='ocr_line' id='line_1_47' title="bbox 248 4571 1788 4664; baseline -0.001 -24"><span class='ocrx_word' id='word_1_615' title='bbox 248 4576 398 4640; x_wconf 82' lang='lat' dir='ltr'>Carmina</span> <span class='ocrx_word' id='word_1_616' title='bbox 413 4571 553 4635; x_wconf 90' lang='lat' dir='ltr'>nonduin</span> <span class='ocrx_word' id='word_1_617' title='bbox 567 4571 655 4636; x_wconf 81' lang='lat' dir='ltr'>edita</span> <span class='ocrx_word' id='word_1_618' title='bbox 664 4618 674 4655; x_wconf 91' lang='lat'>,</span> <span class='ocrx_word' id='word_1_619' title='bbox 694 4585 759 4639; x_wconf 87' lang='lat' dir='ltr'>eta</span> <span class='ocrx_word' id='word_1_620' title='bbox 774 4577 866 4639; x_wconf 91' lang='lat' dir='ltr'>nobis</span> <span class='ocrx_word' id='word_1_621' title='bbox 883 4595 925 4638; x_wconf 90' lang='lat' dir='ltr'>ex</span> <span class='ocrx_word' id='word_1_622' title='bbox 944 4577 1034 4640; x_wconf 84' lang='lat' dir='ltr'>libris</span> <span class='ocrx_word' id='word_1_623' title='bbox 1046 4578 1275 4660; x_wconf 89' lang='lat' dir='ltr'>manuscriptis</span> <span class='ocrx_word' id='word_1_624' title='bbox 1293 4579 1427 4662; x_wconf 88' lang='lat' dir='ltr'>hausta,</span> <span class='ocrx_word' id='word_1_625' title='bbox 1450 4580 1544 4664; x_wconf 85' lang='lat' dir='ltr'>signo</span> <span class='ocrx_word' id='word_1_626' title='bbox 1559 4579 1581 4662; x_wconf 83' lang='lat'><em>†</em></span> <span class='ocrx_word' id='word_1_627' title='bbox 1596 4581 1788 4643; x_wconf 88' lang='lat' dir='ltr'>notavimus.</span> 
     </span>
    </p>
   </div>
   <div class='ocr_carea' id='block_1_17' title="bbox 208 4749 753 4837">
    <p class='ocr_par' dir='ltr' id='par_1_18' title="bbox 208 4749 753 4837">
     <span class='ocr_line' id='line_1_48' title="bbox 208 4749 753 4837; baseline -0.004 -18"><span class='ocrx_word' id='word_1_628' title='bbox 208 4754 379 4837; x_wconf 79' lang='lat' dir='ltr'>Gothus,</span> <span class='ocrx_word' id='word_1_629' title='bbox 414 4752 444 4816; x_wconf 90' lang='lat' dir='ltr'>d.</span> <span class='ocrx_word' id='word_1_630' title='bbox 461 4751 514 4818; x_wconf 76' lang='lat'>29.</span> <span class='ocrx_word' id='word_1_631' title='bbox 536 4750 634 4815; x_wconf 76' lang='lat' dir='ltr'>Mart.</span> <span class='ocrx_word' id='word_1_632' title='bbox 659 4749 753 4817; x_wconf 67' lang='lat'>18⁴2</span> 
     </span>
    </p>
   </div>
   <div class='ocr_carea' id='block_1_18' title="bbox 1467 5012 2000 5102">
    <p class='ocr_par' dir='ltr' id='par_1_19' title="bbox 1467 5012 2000 5102">
     <span class='ocr_line' id='line_1_49' title="bbox 1467 5012 2000 5102; baseline 0.004 -2"><span class='ocrx_word' id='word_1_633' title='bbox 1467 5012 2000 5102; x_wconf 82' lang='lat' dir='ltr'>Bueteclnneider.</span> 
     </span>
    </p>
   </div>
   <div class='ocr_carea' id='block_1_19' title="bbox 0 0 2280 5760">
    <p class='ocr_par' dir='ltr' id='par_1_20' title="bbox 0 0 2280 5760">
     <span class='ocr_line' id='line_1_50' title="bbox 0 0 2280 5760; baseline 0 0"><span class='ocrx_word' id='word_1_634' title='bbox 0 0 2280 5760; x_wconf 95' lang='lat' dir='ltr'> </span> 
     </span>
    </p>
   </div>
  </div>
 </body>
</html>
