4546 5760
80 147 191 225 soa
459 171 462 180 ·
705 88 1562 241 ouansrrouusacanourcan.
1764 243 1775 255 ,
1952 166 1957 187 ·
2074 183 2147 261 m-

118 341 221 391 causa
231 313 337 388 huius
352 315 523 401 instituti,
545 315 619 386 sive
631 311 739 402 haec,
757 316 831 385 sire
840 316 930 402 alia,
953 331 1109 390 nostram
1161 347 1219 416 ges
1244 325 1430 423 Synodum
1458 335 1683 412 indicerent?
1732 339 1782 418 Et
1809 349 1987 440 pertinere
2015 348 2093 425 hoc-
2108 360 2149 441 sd

38 500 41 504 Α
119 433 267 491 aetatem
281 422 378 490 decet
389 416 603 492 obedientia.
649 415 858 506 Quarecum
869 444 1111 511 nonsumpse-
1161 428 1318 500 officium
1341 457 1483 522 eorum,
1514 433 1600 511 hinc
1625 443 1779 537 intelligi
1808 465 1936 541 potest.
2001 453 2150 530 Manita

118 523 188 592 rim
206 516 293 590 mihi
306 516 368 589 has
384 520 524 589 dicendi
542 534 656 611 partes
672 544 749 591 meo
764 520 930 607 arbitrio,
954 524 1015 595 sed
1026 525 1112 592 obe·
1162 529 1353 602 stissinrum
1370 551 1441 618 est,
1468 537 1582 630 Reges
1600 556 1635 614 et
1651 570 1775 618 omnes
1791 548 2024 643 Magistratus
2037 558 2151 652 politi·

119 622 215 692 diam
234 622 385 715 publicis
399 622 555 711 legibus,
579 637 613 691 et
622 622 802 691 carissimo
815 622 909 714 patri
923 648 1021 710 meo,
1050 648 1112 694 vos
1161 654 1220 700 cos
1241 635 1371 704 debere
1393 651 1535 712 externa
1559 622 1657 716 idola
1679 650 1826 737 tollere,
1858 668 1894 726 et
1918 654 2151 751 blasphemias
2186 702 2188 707 ·

119 747 204 810 oro,
233 736 273 793 ut
296 722 436 792 veniam
458 718 549 791 mibi
572 723 673 795 detis.
730 719 909 795 Usitatum
924 740 976 796 est
993 740 1108 797 autem
1161 728 1350 823 prohibere
1373 752 1406 808 et
1429 744 1566 831 punire.
1632 743 1739 818 Nunc
1758 749 1854 843 Papa
1877 724 1912 827 et
1931 755 2100 854 Episcopi
2120 777 2151 835 et

120 825 362 919 quaestionem
380 847 576 916 proponere
591 823 929 902 novisDoctoribus.
963 827 1109 898 Sumam
1162 836 1315 920 addicti,
1338 840 1535 915 defendunt
1549 849 1734 922 manifesta
1750 853 1845 926 idola
1864 872 1898 928 et
1908 857 2149 952 blasphemias

120 928 231 1016 igitur
246 949 287 996 ex
302 921 410 996 huius
423 926 592 1018 temporis
606 926 855 998 controversiis
869 929 1111 1021 quaestionem
1161 932 1258 1024 Ergo
1275 932 1470 1013 necessario
1486 947 1616 1021 debent
1631 947 1748 1041 Reges
1764 968 1801 1026 et
1818 960 1946 1030 caeteri
1964 936 2149 1054 Magistra·

121 1028 265 1119 dignam
291 1027 572 1097 consideratione
603 1027 837 1102 eruditorum.
910 1026 1110 1100 Fatendum
1162 1051 1218 1107 tus
1232 1039 1368 1130 politici
1396 1038 1482 1115 haec
1506 1050 1600 1119 mala
1623 1053 1761 1128 tollere.
1811 1053 1859 1129 Et
1875 1074 1917 1132 ut
1932 1065 2027 1135 ordo
2039 1087 2148 1137 servs·

123 1145 193 1214 est,
225 1152 368 1217 magnas
393 1129 430 1199 in
451 1125 609 1199 Ecclesia
633 1131 795 1200 tenebras
818 1129 945 1216 luisse,
975 1144 1010 1201 et
1034 1128 1111 1201 Deo
1162 1150 1240 1224 tur,
1273 1140 1369 1212 iuxta
1396 1144 1506 1217 illud:
1543 1144 1620 1222 Die
1646 1148 1855 1245 Ecclesiae,
1895 1164 2057 1256 primum
2087 1167 2165 1260 ipsi.

122 1230 253 1321 gratiae
280 1231 433 1319 agendae
455 1244 556 1315 sunt,
582 1232 678 1324 quod
694 1231 808 1300 lucem
823 1226 1009 1323 Evangelii
1027 1233 1112 1305 sub·
1162 1234 1225 1309 has
1241 1248 1496 1318 controversias
1514 1251 1666 1325 offerant
1680 1253 1872 1334 Ecclesiae.
1932 1262 2014 1335 Hoc
2035 1291 2147 1339 revers

122 1331 207 1401 inde
231 1331 402 1416 restituit,
434 1343 469 1402 et
486 1327 553 1401 hoc
577 1346 734 1425 tempore
758 1330 929 1403 immensa
953 1334 1112 1405 bonitate
1163 1354 1215 1411 est
1237 1342 1400 1438 Synodos
1419 1373 1636 1441 convocare,
1669 1359 1867 1451 proponere
1894 1365 1964 1455 piis
1987 1382 2023 1440 et
2043 1368 2148 1441 doctis

120 1428 230 1504 tetros
246 1429 382 1503 errdres
397 1433 534 1523 depulit
550 1458 633 1503 voce
642 1431 845 1506 Reverendi
863 1434 929 1505 viri
946 1431 989 1509 D.
999 1431 1112 1506 Mur·
1163 1440 1367 1515 Pastoribus
1405 1449 1698 1526 diiudicationem
1738 1467 2081 1552 controversiarum,
2120 1485 2148 1544 u

50 1581 53 1585 -
122 1532 197 1605 tini
208 1527 381 1608 Lutlreri.
438 1533 532 1624 Quia
558 1560 640 1605 vero
666 1535 771 1605 multi
792 1535 1044 1622 adversantur,
1078 1552 1113 1609 et
1164 1558 1299 1634 petere,
1332 1562 1372 1619 ut
1396 1549 1462 1641 ipsi
1487 1568 1580 1625 recte
1598 1559 1749 1630 doceant
1773 1557 1948 1638 homines.
2010 1568 2147 1644 Consti·

122 1636 269 1728 reprimi
301 1638 500 1706 defensores
530 1637 706 1707 abusuum
738 1629 949 1708 authoritate
973 1638 1111 1732 Synodi
1162 1660 1239 1717 tuto
1267 1661 1382 1719 autem
1406 1655 1588 1728 doctrinae
1611 1685 1806 1744 consensu,
1832 1681 1951 1756 postea
1967 1694 2070 1761 reges
2084 1674 2148 1744 tol.

44 1833 46 1836 ι
121 1738 210 1809 utile
232 1750 338 1823 esset,
370 1738 463 1809 sicut
483 1762 622 1829 semper
643 1738 682 1806 in
700 1734 854 1808 Ecclesia
871 1737 1008 1833 Synodi
1026 1765 1112 1811 eon·
1162 1746 1238 1818 lant
1267 1764 1407 1822 externa
1437 1754 1555 1842 idola,
1596 1773 1633 1831 et
1663 1757 1876 1853 prohibeant
1900 1768 2147 1862 blasphemias.
2184 1776 2188 1841 l

121 1851 265 1909 vocatae
287 1853 387 1920 sunt,
419 1842 462 1909 ad
480 1841 636 1910 tollenda
652 1839 816 1923 dissidia,
847 1853 1021 1932 quantum
1037 1841 1112 1912 beri
1164 1846 1259 1936 Quia
1271 1848 1500 1941 Magistratus
1515 1873 1631 1932 custos
1648 1878 1700 1934 est
1714 1865 1823 1935 totius
1835 1866 1941 1958 Legis
1954 1871 1996 1941 in
2010 1888 2146 1949 externa

122 1954 257 2034 posset,
291 1964 356 2010 nec
385 1937 553 2031 Episcopi
586 1941 752 2035 Synodos
781 1940 938 2011 indicere
969 1944 1111 2013 volunt:
1162 1951 1368 2043 disciplina,
1394 1981 1468 2027 nou
1483 1971 1621 2033 tantum
1636 1970 1812 2037 secundae
1825 1964 2000 2049 Tabulae,

123 2040 377 2130 Quaestionem
407 2043 470 2111 tibi
500 2067 676 2132 proponoc
717 2036 776 2109 An
805 2064 885 2111 cum
912 2036 1112 2114 Romanus

109 2135 304 2242 Pontifex
319 2151 351 2211 et
367 2141 500 2212 caet-eri
514 2140 695 2240 Episcopi
705 2140 826 2213 nolint
842 2137 1038 2238 Synodum
1053 2144 1112 2215 in·
1263 2104 1333 2176 sed
1352 2108 1404 2178 “¹⁰
1417 2102 1493 2227 ,hac
1515 2116 1720 2233 ‘Nimim
1736 2120 1937 2242 ‘cltflsslfflt
1957 2122 2006 2200 D·
2020 2123 2149 2200 Do'ttot

124 2238 256 2329 diem,
285 2239 495 2341 Imperator
517 2255 604 2315 nm
618 2244 796 2344 facturus
812 2243 883 2329 εὴ,
914 2243 1043 2343 siim
1059 2242 1115 2316 ad
1162 2216 1257 2274 tuam
1273 2220 1483 2280 sententiam
1499 2215 1604 2285 nobas
1619 2235 1907 2341 exponrtp,qura
1924 2227 2147 2300 nobismori·
2186 2274 2188 2303 t

123 2368 343 2414 communem
360 2354 391 2414 et
408 2346 513 2442 piam
531 2341 832 2415 diiudicationem
849 2349 1111 2418 controuersia·
1153 2329 1217 2395 *me
1248 2312 1442 2398 ⁰p¹³¹¹d¹¹¹¹¹
1472 2327 1544 2400 ‘⁵¹2
1576 2331 1616 2388 ul
1640 2315 1832 2392 Escl‘sfflm
1863 2329 2148 2416 ⁰⁰¹¹⁸⁸¹¹tlttttttn

122 2470 222 2528 rum,
257 2444 461 2546 Episcopus
485 2446 637 2519 stulius
666 2442 815 2517 idoneos
838 2441 1005 2521 homines
1027 2474 1110 2520 con·
1162 2409 1266 2479 ⁰⁰b¹⁵
1302 2435 1452 2481 mmm
1481 2416 1594 2486 Μή
1627 2422 1787 2505 “³⁶³⁰‘’
1825 2449 1871 2496 ¹¹²
1903 2427 2147 2523 di⁸³⁸3l’2130'10‘
2186 2432 2188 2463 ³

123 2546 246 2619 vom?
1161 2509 1312 2580 maiores
1325 2515 1370 2582 ad
1388 2517 1625 2606 posteritatem
1642 2520 1737 2600 fiant.

224 2683 360 2774 Negant
394 2685 571 2774 pertinere
612 2686 654 2756 ad
693 2683 848 2755 officium
882 2680 1111 2775 imperatoris
1263 2660 1502 2754 Telsslfflffill
1519 2667 1606 2758 Del,
1629 2673 2054 2770 D⁰ml¹¹⁰ltfflcbf3⁸l²e
2073 2697 2144 2757 (αθ

94 2841 96 2845 ,
122 2780 215 2855 hanc
230 2786 538 2870 convocationem,
563 2786 647 2879 quia
669 2811 744 2856 non
760 2798 847 2855 suut
859 2784 1037 2855 miscenda
1055 2787 1110 2855 of·
1163 2776 1301 2852 Wlm
1315 2791 1397 2852 ⁰t⁰a
1422 2783 1462 2840 ¹¹1
1476 2784 1515 2841 lu
1533 2775 1634 2845 nobit
1642 2772 1838 2849 Ecclesiam
1852 2795 1888 2852 et
1904 2778 2062 2875 hospitis
2077 2787 2144 2857 eius

121 2886 198 2956 ficia
215 2899 446 2980 potestatum,
470 2887 558 2956 sicut
581 2888 833 2980 scriptumest:
861 2883 939 2959 Hoc
953 2887 1111 2958 studiose
1159 2888 1293 2949 “im‘’
1319 2881 1354 2937 ⁰²
1371 2894 1437 2939 ¹¹⁰⁸
1452 2873 1530 2942 '¹¹⁰‘
1546 2888 1626 2945 ¹⁰³⁸
1640 2878 1841 2967 d⁰⁶lfl¹¹³⁰s
1871 2897 1907 2954 ²²
1925 2883 2142 2977 splfifflffl

120 2988 250 3077 agatis,
282 3003 321 3058 ut
350 2988 661 3087 propriafaciatis.
720 2987 771 3060 Et
799 3010 921 3058 versus
942 2988 1111 3082 antiquus
1160 2980 1281 3039 “⁰⁶1⁰
1297 2969 1480 3058 dulmine&
1532 2972 1627 3051 Diti·

119 3088 224 3160 dicit:
255 3087 314 3160 Tu
327 3091 475 3182 supplex
489 3115 573 3175 ora,
604 3104 644 3162 tu
664 3106 824 3183 protege,
848 3102 957 3185 tuque
974 3089 1110 3162 labora.
2153 3144 2155 3149 «

119 3185 320 3261 Miscentur
342 3206 459 3262 autem
481 3186 612 3276 officia,
640 3217 719 3263 cum
746 3190 943 3282 imperator
963 3203 1111 3281 usurpat
1156 3200 2140 3283 Ἣ

116 3290 404 3382 lurisdictionem
428 3293 663 3384 pertinentem
690 3297 734 3364 ad
758 3289 965 3385 Episcopus.
1024 3289 1109 3362 Non
1978 3324 1981 3329 ·

118 3392 326 3486 igiturlicet
342 3393 374 3463 ei
391 3394 797 3491 convocareSynodum.
1156 3357 1337 3484 „Nssss
1445 3393 1446 3397 ’
1906 3386 2139 3462 ὃθῶηίὸὅθ.

1933 3481 2130 3525 Q

175 3625 184 3644 ι
219 3504 289 3598 Sed
317 3528 494 3600 contraria
519 3528 693 3621 exempla,
718 3551 809 3623 quae
834 3542 869 3599 et
886 3525 946 3621 pia
960 3539 996 3598 et
1012 3525 1108 3597 salu·
1227 3578 1436 3662 loquacius..
1455 3604 1482 3653 Ρ.
1496 3584 1582 3643 106¹».
1599 3587 1741 3648 affl·
1755 3589 1884 3652 Mu·
1894 3594 2029 3659 ,fulv
2085 3599 2140 3661 a

117 3638 206 3716 tarra
224 3629 387 3714 luerunt,
412 3631 588 3720 leguntur.
1261 3647 1393 3708 namnet.
1415 3651 1446 3708 P.
1461 3650 1495 3712 n
1514 3654 1614 3729 pm.
1831 3720 1835 3727 ,
2026 3619 2077 3675 '⁹'

215 3761 472 3836 Constantinus
490 3786 552 3832 sua
575 3758 789 3833 authoritate
809 3763 1018 3835 convoc'avit
1039 3762 1108 3859 Sy-

85 3855 253 3936 ‘nodum
274 3864 463 3951 Nicenam,
496 3866 598 3958 eique
632 3865 792 3935 interluit
814 3879 984 3959 tanquam
1010 3864 1106 3960 βρα-

114 3962 269 4062 βεντὴς,
296 3968 433 4057 rogavit
447 3967 654 4052 sententias,
678 3966 885 4057 subscripsit
898 3969 1050 4037 decreto.

1159 3826 1336 3908 Quaestio
1362 3847 1387 3896 o
1410 3822 1619 3901 Iolunne
1643 3817 1839 3908 stiutso
1875 3841 2027 3917 tuntora
2051 3851 2141 3920 teet-

1157 3934 1265 4015 tutu,
1295 3925 1332 4001 d.
1346 3925 1408 4001 8⁰ss
1424 3929 1516 4003 Dec.
1535 3928 1645 4007 155⁰.
1671 3956 1755 4007 ruas
1770 3933 2047 4043 decernes-etus·
2056 3970 2140 4047 pru·

1158 4025 1227 4100 dass
1241 4030 1448 4104 Doctorum
1462 4034 1504 4104 in
1523 4042 1607 4106 arse
1621 4034 1771 4109 Medico
1788 4041 1845 4112 M.
1870 4046 2044 4123 loanni
2066 4051 2141 4127 At·

215 4114 490 4186 Valentinianus
513 4114 756 4187 sardicensem
777 4116 1003 4197 convocavit,
1037 4109 1107 4185 Ar·
1423 4150 1425 4154 ·
1484 4131 1629 4222 herto,
1662 4142 1817 4236 Cypneo.

105 4217 237 4289 ,cadius
255 4212 494 4309 Ephesium,
520 4230 554 4287 et
577 4212 683 4288 hodie
698 4231 791 4299 extat
806 4220 921 4288 forma
939 4217 1106 4287 indictio·

54 4366 59 4377 ι
114 4319 232 4389 nisio
254 4319 362 4390 totius
393 4320 469 4390 eins
492 4317 629 4412 Synodi
655 4316 824 4404 historia,
856 4343 947 4412 quae
970 4317 1105 4389 Graeca

113 4414 231 4490 adhuc
246 4435 405 4492 servatur
419 4422 457 4491 in
473 4416 687 4491 bibliotheca
702 4416 909 4492 Phorcensi.

1155 4266 1212 4349 Et
1234 4288 1375 4350 nostrae
1397 4281 1522 4352 aetatis
1547 4297 1617 4365 est,
1650 4302 1837 4379 parentum
1858 4315 1899 4363 ac
1927 4293 2048 4388 legum
2069 4300 2140 4372 soci

1156 4380 1314 4450 modeste
1347 4381 1510 4469 obedire,
1560 4386 1698 4458 etiamsi
1733 4415 1807 4460 non
1848 4416 1992 4488 semper
2028 4424 2142 4475 unns

1155 4505 1297 4566 eorum,
1330 4506 1421 4575 quae
1442 4486 1727 4580 praecipiuntur,
1756 4492 2010 4587 intelligimus,
2035 4518 2141 4576 etvos
2185 4448 2188 4541 l

1155 4584 1327 4674 puerilem
1356 4585 1551 4657 orationem
1573 4590 1759 4679 ‚patienter
1775 4595 1904 4672 ¹audire
1925 4593 2141 4678 humanitate

1154 4697 1268 4755 vestra
1283 4685 1430 4774 dignum
1453 4699 1517 4760 est.
1568 4686 1704 4762 Mimm
1720 4694 1865 4787 quidem
1886 4699 2004 4772 videri
2020 4719 2140 4797 potest,

1153 4788 1249 4881 quod
1274 4785 1312 4854 in
1336 4787 1465 4858 talibus
1481 4793 1703 4863 consessibus
1718 4789 1948 4871 bonestorum
1972 4818 2010 4876 et
2023 4809 2140 4881 docto·

1152 4911 1233 4957 rum
1256 4886 1439 4975 virorum,
1467 4891 1599 4984 quibus
1621 4909 1767 4986 propter
1788 4899 1957 4973 virtutem
1971 4910 2140 4982 eruditio-

213 4988 305 5062 Cum
321 5006 435 5063 autem
452 5005 599 5071 eventus
620 4989 834 5077 ostenderit,
859 4987 923 5062 has
937 4989 1103 5086 Synodos
1150 5014 1233 5059 nem
1254 5003 1290 5062 et
1312 5003 1544 5079 senectutem,
1570 4997 1802 5068 reverentiam
1825 5001 2015 5094 debemus,
2041 5013 2139 5083 nobis

109 5094 286 5188 profuisse
299 5089 487 5180 Ecclesiis‚
511 5111 545 5166 et
559 5090 688 5163 horum
701 5091 904 5185 principum
914 5095 1021 5165 fuerit
1039 5119 1100 5165 ex·
1151 5107 1269 5163 tamen
1300 5091 1441 5163 dicendi
1473 5108 1591 5184 partes
1622 5098 1762 5191 aliquae
1796 5101 2019 5199 tribuuntur.
2073 5112 2137 5187 Sed

107 5196 238 5266 cellens
251 5196 421 5289 sapientia
436 5211 470 5267 et
485 5197 611 5288 pietas:
637 5191 713 5265 Cur
726 5216 802 5264 non
815 5209 849 5266 et
862 5191 1099 5287 hoctempore
1149 5196 1255 5264 credo
1273 5217 1350 5277 eos,
1375 5193 1437 5287 qui
1451 5196 1598 5268 fuerunt
1610 5214 1749 5270 autores
1765 5195 1872 5272 huius
1887 5209 2022 5296 moris,
2059 5238 2137 5305 pro-

106 5295 145 5368 in
168 5311 267 5372 tanta
286 5299 454 5374 varietate
468 5298 730 5370 dissensionum
751 5293 949 5397 imperator
971 5311 1007 5371 et
1020 5293 1096 5373 Re·
1147 5296 1260 5368 babili
1286 5319 1388 5366 causa
1412 5312 1527 5369 motos
1549 5322 1636 5374 esse.
1695 5300 1899 5380 Voluerunt
1915 5320 1985 5383 nos
1999 5328 2134 5407 ¹specta·

216 4551 401 4646 Synodum
415 4549 740 4625 Chalcedonensem
756 4553 885 4625 indixit
895 4551 1106 4638 Martianus,

113 4665 148 4723 et
171 4654 402 4744 disputationi
432 4654 604 4727 interluit.
653 4652 839 4745 Leguntur
860 4669 895 4726 et
920 4655 989 4724 alia
1010 4654 1105 4724 mul-

114 4766 148 4872 ta
165 4757 321 4847 exempla
335 4755 492 4849 Regum,
518 4779 671 4851 quorum
686 4780 760 4826 non
777 4769 875 4828 tanta
891 4756 959 4828 fuit
974 4751 1104 4828 autho-

111 4872 209 4932 ntes.
