4546 5760
112 171 188 245 ou
488 112 494 119 ’
600 148 1674 246 111111111111111111011111111
1864 243 1882 255 ,
2074 155 2144 237 ata

97 342 198 438 'quia
215 334 306 409 haue
321 327 561 403 necessitatem
581 325 677 417 leges
693 317 834 396 scholae
856 340 997 402 nostrae
1014 318 1106 395 mihi
1134 344 1281 423 posset.
1336 329 1464 427 ltaque
1484 328 1639 403 demittit
1658 352 1739 400 eum
1758 327 1801 399 111
1820 338 2029 403 excavatam
2042 349 2143 422 qaaer-

61 490 65 495 .
116 442 326 536 imponunt,
358 430 468 503 malui
497 429 686 501 desiderari
711 427 750 496 in
772 452 828 497 me
855 429 1106 514 eruditionem,
1135 428 1254 518 lcum,
1292 447 1326 504 et
1352 433 1452 504 iubet
1476 455 1559 504 eum
1585 432 1637 500 ibi
1663 431 1817 513 aurire,
1849 444 2007 525 atquae
2033 424 2143 501 Mtasit

116 569 222 642 qnam
264 536 421 612 studium
461 530 725 623 obtemperandi
771 531 922 623 publicis
960 531 1106 622 legibus.
1154 535 1288 605 victum
1310 549 1445 626 petere,
1470 556 1609 623 gregem
1627 534 1817 605 committit
1834 533 1916 604 aliis
1931 529 2066 617 semia,
2088 529 2142 633 qui

118 650 239 739 Quare
259 655 340 735 peto
358 635 511 720 avobia,
532 647 573 703 ut
592 657 657 724 pro
673 647 786 702 vestra
811 627 1032 703 humanitate
1047 657 1107 701 vs-
1136 628 1301 707 ¹domiuo
1317 638 1578 729 applauserant,
1602 635 1774 707 saevienti
1788 636 1826 708 111
1841 637 1949 705 illum
1960 632 2141 707 Munna

117 750 215 829 niam
233 740 324 816 mihi
340 738 450 819 detis,
474 736 504 806 si
522 748 657 805 vestrae
671 735 902 826 expectationi
919 760 992 806 non
1006 734 1109 805 satis-
1155 739 1340 810 cultorem.
1391 735 1614 832 Aliquaadiu
1647 733 1846 829 triumphat
1877 733 1999 807 Herus
2031 735 2139 807 ociosa

117 852 240 925 iecerit
263 869 339 916 mea
363 839 495 923 oratio,
520 852 555 909 et
578 835 671 907 dabo
688 861 853 930 operam,
879 850 920 909 ut
936 837 1109 908 brevitate
1156 841 1295 927 animo,
1320 864 1400 910 cnm
1418 864 1570 932 poenae,
1594 852 1635 910 ut
1650 839 1724 911 fieri
1741 841 1855 926 solet,
1879 837 2121 909 differrentur.

120 951 309 1030 orationis,
333 942 489 1026 taedium
504 940 621 1009 lettre
636 938 764 1008 Videor·
1259 942 1385 1014 Postea
1409 956 1529 1012 exacto
1551 965 1665 1026 anuo,
1689 963 1829 1032 gregem
1848 939 2054 1033 pestilentia
2069 936 2141 1009 uni·

223 1051 317 1143 Quia
333 1069 416 1114 vero
433 1067 474 1112 ex
490 1036 559 1112 hoc
576 1042 653 1110 loco
669 1063 770 1131 saepe
785 1055 886 1110 antea
901 1036 1110 1112 honestissi'-
1159 1069 1297 1116 versum
1316 1045 1481 1137 perdidit.
1537 1042 1633 1112 Haec
1648 1044 1826 1114 calamitas
1848 1045 2018 1112 admonet
2037 1037 2140 1111 homi·

118 1162 188 1232 mis
205 1152 369 1225 laudibus
385 1160 508 1215 oruata
523 1160 574 1215 est
589 1137 832 1232 Philosophia,
858 1143 999 1228 aviris,
1021 1168 1110 1238 quo-
1160 1173 1241 1217 nem
1264 1147 1405 1217 sceleris
1429 1146 1496 1217 sui.
1551 1144 1672 1239 ltaque
1695 1159 1850 1215 moestus
1873 1144 1969 1214 redit
1985 1146 2031 1213 ad
2055 1144 2138 1212 illam

120 1285 202 1334 rum
218 1251 370 1327 eruditio
388 1263 422 1317 et
437 1246 606 1317 autoritas
622 1247 714 1333 apud
732 1267 794 1312 vos
809 1267 944 1313 summa
961 1268 1034 1315 esse
1047 1248 1110 1313 de·
1160 1275 1345 1344 quercum,
1379 1249 1423 1316 ad
1456 1247 1646 1339 placandos
1676 1247 1769 1317 servi
1802 1270 1940 1332 manes3
1986 1246 2050 1314 sed
2072 1266 2140 1314 curn

120 1367 199 1446 bet,
224 1378 339 1450 neque
355 1373 418 1440 ego
433 1351 470 1417 in
489 1362 697 1436 argumento
715 1346 817 1415 toties
833 1347 963 1435 agitato
982 1371 1109 1417 novam
1160 1352 1270 1445 aperit
1293 1353 1475 1434 arborem,
1507 1360 1548 1417 ut
1576 1350 1725 1418 cadaver
1749 1349 1833 1418 inde
1859 1359 2064 1439 exemptum
2088 1346 2141 1415 rite
2190 1388 2192 1393 -

121 1463 318 1536 orationem
346 1452 508 1521 invenire
530 1447 660 1539 potuit:
696 1449 819 1541 ltaque
841 1473 953 1517 uuum
973 1463 1111 1520 tantum
1161 1453 1325 1546 sepeliat,
1351 1476 1429 1522 ecce
1449 1464 1587 1544 praeter
1608 1472 1705 1540 spem
1722 1465 1825 1546 atque
1847 1449 2080 1541 opinionem,
2100 1446 2143 1513 vi-

51 1629 53 1633 .
122 1545 792 1649 11111111111111111111ὴί111131,
825 1575 929 1643 quem
957 1550 1112 1621 111111111νὶ
1161 1559 1221 1627 det
1242 1578 1381 1625 servum
1397 1554 1515 1622 vivere
1535 1553 1769 1640 superstitem.
1821 1551 1929 1621 Hunc
1947 1551 2144 1639 interrogat,

123 1668 199 1740 istis
234 1661 393 1732 moribus
433 1669 468 1724 et
507 1652 727 1742 temporibus
763 1651 865 1720 valde
905 1651 1114 1734 convenire,
1161 1655 1398 1728 undevixerit
1421 1653 1589 1725 interim?
1620 1651 1752 1725 Servus
1774 1667 1947 1724 monstrat
1967 1653 2008 1721 in
2030 1653 2146 1721 arbore

124 1769 265 1865 quando
303 1780 427 1830 omnes
463 1755 701 1824 adolescentes
735 1753 896 1843 religiose
934 1755 1115 1825 abstinent
1163 1760 1260 1828 favos
1277 1783 1315 1828 ac
1331 1756 1449 1841 mella,
1466 1769 1502 1826 et
1516 1768 1646 1839 narrat,
1662 1754 1783 1825 Musas
1797 1756 1986 1826 reddentes
2000 1751 2147 1848 praemia

124 1899 144 1944 a
159 1858 412 1956 Philosophiae
427 1857 572 1939 studiis,
595 1856 676 1948 quia
692 1867 822 1945 negant
838 1854 896 1924 illa
914 1880 987 1927 esse
1004 1879 1114 1950 quae·
1163 1861 1303 1953 pietati,
1330 1856 1424 1951 Apes
1441 1883 1482 1927 eo
1502 1858 1638 1927 misisse
1658 1859 1703 1927 ad
1720 1858 1835 1948 ipsum
1850 1856 2036 1930 alendum.

111 1990 263 2052 ¹stuosa,
285 1981 318 2036 et
341 1976 382 2033 ut
404 1960 511 2050 vulgo
530 1959 671 2040 dicunt,
698 1981 770 2025 uon
795 1980 868 2026 esse
890 1959 934 2026 de
952 1982 1044 2049 pane
1058 1956 1115 2028 lu·
1266 1960 1360 2032 Haec
1375 1975 1426 2030 est
1440 1960 1573 2039 fabula,
1595 1984 1685 2054 quae
1699 1973 1792 2029 extat
1807 1961 1902 2051 apud
1918 1954 2147 2029 Theocritum

126 2076 272 2147 crando.
322 2061 401 2154 Ego
414 2084 497 2131 vero
516 2070 660 2150 propter
675 2056 870 2149 angustiam
886 2061 1054 2152 temporis
1077 2059 1114 2128 iu
1164 2063 1379 2135 strauissimia
1394 2062 1554 2131 versibus
1568 2060 1707 2151 scripta.
1745 2057 1903 2130 Auvero
1921 2060 2149 2131 ullidubium

126 2174 298 2251 hocloco
330 2187 405 2236 non
436 2184 611 2250 exponere
637 2182 798 2251 possum,
833 2184 920 2254 (111118
946 2161 1116 2233 111ῐ11111111
1166 2191 1239 2236 esse
1270 2180 1403 2257 potest,
1437 2163 1524 2258 quid
1555 2163 1804 2253 significaverit
1832 2161 1941 2235 Poeta
1969 2157 2041 2232 hoc
2065 2175 2156 2231 corte·

109 2273 281 2369 >cognitio
304 2259 555 2356 Philosophiae
576 2262 745 2332 studiosis
769 2262 922 2348 adferat,
954 2265 1118 2332 111111111-
1166 2267 1311 2339 mento?
1343 2264 1524 2360 Admouet
1541 2261 1703 2334 honestas
1720 2279 1811 2335 artes
1827 2276 1974 2356 propter
1990 2266 2152 2336 virtutem

127 2396 203 2452 tum
221 2371 342 2466 paucis
359 2366 542 2449 indicabo,
568 2386 633 2433 nec
648 2365 728 2433 illos
745 2388 866 2454 egere,
892 2365 954 2458 qui
972 2360 1118 2435 adhaec
1166 2371 1332 2440 colendas
1348 2393 1438 2451 esse,
1464 2391 1555 2460 quae
1577 2367 1640 2436 etsi
1657 2390 1780 2457 parum
1797 2367 1999 2437 fructuosae
2013 2366 2152 2433 videan-

128 2469 245 2553 studia
267 2468 508 2561 cognoscenda
532 2490 674 2558 operam
694 2489 793 2536 suam
820 2467 1057 2563 collocarunt,
1081 2460 1120 2534 'et
1167 2471 1361 2555 turavaris
1386 2483 1421 2539 et
1441 2469 1631 2559 improbis,
1655 2482 1773 2537 111111
1797 2463 1863 2537 hoc
1878 2468 2059 2537 divinitus
2077 2463 2153 2545 fieti,

127 2570 396 2668 Philosophiam
412 2578 554 2663 quoque
570 2591 653 2637 snos
668 2581 854 2637 sectatores
868 2568 970 2637 alere.
994 2566 1119 2658 Quun·
1169 2600 1213 2643 ue
1233 2575 1350 2643 desint
1366 2571 1420 2640 illi
1442 2570 1557 2640 labori
1573 2570 1762 2639 mediocria
1778 2585 1812 2639 et
1828 2570 1977 2640 honesta
1996 2568 2152 2660 praemia.

129 2708 236 2779 quam
260 2691 377 2749 autern
407 2668 534 2741 harum
562 2670 693 2740 artium
721 2671 876 2759 cognitio
900 2684 1044 2761 propter
1072 2692 1121 2753 se,
1271 2673 1353 2745 Sint
1375 2696 1458 2742 sane
1484 2674 1655 2767 quaedam
1680 2673 1768 2741 aliae
1797 2686 1889 2741 artes
1911 2671 2030 2762 magis
2057 2693 2153 2765 quae·

130 2810 206 2857 non
229 2784 348 2851 fructu
371 2774 491 2868 aliquo
518 2772 710 2864 expetenda
734 2784 828 2856 erat,
859 2794 938 2841 cum
962 2767 1055 2841 nihil
1077 2772 1122 2841 sit
1169 2792 1329 2854 stuosae,
1356 2799 1444 2869 quas
1468 2788 1585 2845 tamen
1609 2798 1682 2841 uon
1705 2773 1885 2865 vitupero,
1913 2798 1997 2842 cum
2016 2775 2154 2842 sintne·

130 2880 338 2965 honestum,
364 2877 459 2972 quod
482 2898 555 2943 non
579 2897 741 2964 magnam
758 2873 862 2943 etiam
877 2873 1064 2944 utilitatem
1083 2874 1119 2940 itt
1170 2880 1337 2949 cessariae
1359 2875 1513 2968 Reipub.
1564 2869 2154 2945 81111111111111111111111111111

133 3015 169 3060 ae
186 2985 381 3060 contineat:
408 2977 546 3047 Tamen
563 2977 717 3046 recitabo
733 2976 833 3045 vobis
848 2975 1015 3059 tabulam,
1037 3001 1122 3067 pru·
1170 2981 1407 3051 incommoda.
1460 2976 1507 3045 Ar
1529 3001 1569 3045 ex
1593 2971 1648 3044 his
1666 2978 1758 3046 veris
1779 2977 1933 3058 artibus,
1959 3000 2050 3069 qtrae
2067 2996 2156 3043 nuuc

133 3097 257 3162 denter
272 3111 292 3156 a
306 3081 428 3152 Poe'tis
444 3081 646 3163 confictam,
672 3101 740 3173 qua
756 3077 895 3147 animos
911 3076 1121 3147 discentium
1171 3083 1273 3152 vohis
1289 3080 1599 3162 commodantur,
1631 3079 1792 3167 geminus
1805 3080 1942 3147 fructus
1960 3078 2156 3168 percipitur.

133 3193 341 3265 confirmare
365 3182 577 3264 voluerunt,
609 3203 654 3249 ue
682 3180 859 3250 absterriti
885 3179 1014 3272 ineptis
1047 3178 1124 3248 istis
1172 3184 1279 3255 Nulla
1311 3206 1352 3252 ex
1375 3205 1413 3250 re
1438 3181 1606 3249 maiorem
1631 3181 1846 3273 voluptatem
1876 3179 2020 3248 aninrus
2044 3199 2156 3270 capere

134 3286 447 3366 vociferationibus
480 3277 666 3351 hominum
701 3281 969 3374 imperitorum,
1006 3279 1123 3353 studia
1173 3299 1307 3379 potest,
1330 3307 1435 3377 quum
1453 3307 1494 3351 ex
1514 3281 1714 3371 cognitione
1730 3280 1908 3366 veritatis,
1935 3276 2155 3361 1111111111-

134 3385 387 3483 Philosophiae
404 3387 617 3454 detererent·
1174 3389 1235 3459 dio
1261 3388 1304 3456 ad
1326 3381 1581 3455 humanitatem
1603 3396 1636 3454 et
1652 3384 1817 3454 virtutem
1834 3382 2020 3453 excitatur.
2070 3378 2157 3452 llaec

235 3492 345 3564 Poeta
360 3483 573 3558 Theocritus
597 3483 740 3570 scribit,
763 3485 870 3556 tuisse
893 3498 1068 3578 pastorem
1084 3485 1123 3566 iu
1174 3492 1268 3561 bona
1302 3512 1375 3556 uon
1403 3485 1559 3556 afferunt
1587 3485 1670 3556 illae
1701 3499 1931 3579 quaestuosae
1962 3499 2077 3567 artes,
2104 3479 2155 3550 sed

136 3589 279 3682 Sicilia,
304 3591 451 3662 divitem
474 3602 578 3681 atque
599 3612 765 3668 avarum,
791 3588 846 3658 cui
867 3587 975 3658 fuerit
993 3610 1125 3669 servus,
1175 3589 1318 3685 proprie
1336 3614 1376 3658 ex
1395 3588 1466 3658 alio
1486 3610 1612 3676 genere
1627 3585 1809 3657 doctrinae
1827 3599 1934 3680 atque
1955 3587 2090 3656 artium
2106 3607 2158 3675 pt-

136 3699 249 3795 gregis
267 3708 404 3777 custos,
429 3688 504 3758 Pan
529 3687 723 3780 quispiam,
749 3685 857 3759 homo
882 3690 961 3781 pius
982 3703 1017 3759 et
1039 3686 1126 3759 Μ11·
1175 3695 1281 3765 tenda
1303 3704 1395 3767 suut.
1447 3687 1547 3777 Quas
1569 3705 1686 3759 autem
1708 3711 1810 3780 opes,
1841 3710 1932 3781 quae
1955 3710 2068 3777 regna
2089 3682 2157 3755 aui-¹

136 3793 255 3873 sarum
285 3790 411 3867 cultor.
464 3787 512 3860 Et
532 3803 677 3881 propter
707 3788 813 3861 huius
843 3792 1007 3884 pietatem
1030 3787 1127 3862 Deus
1175 3819 1256 3864 mus
1271 3795 1359 3862 hene
1373 3791 1556 3861 institutus
1570 3788 1680 3880 magis
1694 3804 1840 3881 expetet,
1860 3812 1968 3883 quarn
1985 3787 2158 3864 tttabona.

138 3923 277 3994 gregem
305 3897 471 3969 tuebatur
500 3893 668 3962 adversus
702 3907 816 3983 pestes
842 3892 959 3963 omnis
989 3892 1127 3983 generis
1176 3921 1266 3992 quae
1281 3895 1374 3975 dixi,
1401 3888 1658 3964 humanitatem
1676 3905 1710 3962 et
1725 3892 1900 3974 virtutem,
1927 3891 2065 3985 quibus
2078 3882 2159 3958 nffil

139 3996 533 4090 exitialesspecudibus„
573 3992 716 4065 Solebat
734 4009 850 4065 autem
867 3993 1003 4065 Pande
1025 4018 1127 4086 grege
1177 4014 1230 4070 est
1245 3997 1406 4081 suavius,
1431 3990 1523 4064 nihil
1539 3994 1688 4085 gratius,
1713 3991 1743 4062 si
1762 3992 1886 4062 noris?
1907 3989 2038 4086 Neque
2050 4001 2159 4064 1111111

138 4103 288 4193 singulis
310 4099 489 4169 mensibus
512 4095 686 4165 oviculam
711 4094 827 4165 Musis
848 4099 1064 4183 sacrificare,
1089 4112 1128 4168 ut
1177 4114 1298 4172 carent
1312 4097 1464 4167 externis
1481 4096 1676 4166 commodis
1692 4089 1777 4165 haec
1794 4094 1922 4167 studia.
1975 4092 2162 4165 Habebunt

140 4211 296 4301 placatae
313 4216 346 4271 et
362 4200 533 4293 propitiae
549 4221 686 4289 gregem
704 4211 896 4268 tuerentur.
1178 4203 1281 4273 etiam
1299 4198 1492 4269 mediocria
1508 4198 1683 4289 praemia,
1710 4211 1744 4266 et
1762 4197 1952 4267 modestiae
1966 4196 2160 4266 suffectura.

184 4312 188 4319 “
244 4304 284 4376 ld
302 4328 385 4373 vero
407 4301 471 4370 ubi
491 4300 632 4370 rescivit
649 4295 756 4369 herus
773 4302 903 4390 impius
919 4316 1024 4394 atque
1046 4323 1130 4369 ava·
1180 4303 1268 4374 Nam
1294 4302 1325 4393 ai
1348 4302 1415 4370 erit
1435 4301 1552 4393 aliqua
1568 4299 1727 4390 Respub.
1742 4298 1962 4388 intelligetur
1979 4322 2042 4368 eas
2061 4290 2163 4368 teneri

140 4435 222 4498 rus,
246 4421 299 4479 tot
313 4401 458 4476 mactari
474 4425 576 4481 oves,
600 4426 674 4471 non
688 4403 979 4476 dissimulandam
993 4415 1129 4476 tantam
1179 4428 1253 4474 non
1274 4426 1393 4495 posse,
1416 4403 1492 4471 sine
1515 4396 1570 4470 his
1587 4400 1718 4471 nostris
1731 4401 1875 4470 artibus.
1931 4397 2059 4490 Quare
2072 4420 2164 4493 pcae-

142 4514 312 4582 iacturam
330 4505 553 4589 existimans,
580 4506 776 4592 expostulat
800 4528 1009 4575 cumservo.
1061 4502 1131 4573 Hic
1181 4507 1251 4576 mia
1270 4505 1418 4598 proponi
1437 4501 1668 4576 necesscerit.
1719 4497 1853 4571 Errant
1868 4500 1967 4570 euim
1992 4498 2165 4583 nonnulli

142 4611 286 4703 exponit
309 4609 365 4679 sui
384 4605 524 4677 consilii
546 4628 708 4691 causam,
732 4609 834 4676 docet
856 4609 945 4679 bene
965 4605 1131 4676 collocari
1182 4607 1245 4702 qui
1259 4609 1324 4677 uni
1344 4620 1482 4678 tantum
1503 4598 1570 4674 arti
1595 4603 1713 4674 locum
1734 4603 1772 4673 in
1795 4603 1937 4673 civitate
1960 4605 2166 4684 concedunt,

142 4710 380 4787 hosolhcium
398 4709 435 4777 in
453 4707 565 4791 Deus,
590 4707 652 4800 qui
674 4730 813 4796 gregem
838 4705 1007 4779 hactenus
1026 4708 1132 4778 toeti-
1182 4709 1336 4802 reliquas
1370 4729 1512 4791 omnes,
1554 4705 1587 4775 T
1591 4700 1789 4796 heologianr
1822 4719 1857 4775 et
1889 4699 2167 4800 Philosophia'ttt'.

144 4815 231 4888 citer
252 4810 500 4893 custodierint,
526 4809 682 4880 ostendit
706 4812 860 4902 praemia
885 4812 1036 4895 maxima
1057 4811 1134 4902 pie-
1183 4836 1257 4881 non
1274 4811 1376 4881 aliter
1397 4809 1538 4881 civitate
1560 4807 1718 4899 pellunt,
1742 4830 1781 4876 ac
1798 4803 1900 4877 Plato
1917 4804 2051 4880 Poetae
2071 4803 2168 4876 etteit

143 4919 207 5005 tati
225 4914 402 5009 proposita
418 4936 501 4985 esse.
1184 4913 1254 4985 Sed
1272 4911 1481 4984 Aristoteles
1494 4909 1751 5001 sapientissime
1767 4908 1869 4992 dixit,
1894 4905 2167 4980 11111111τί11νὶ-

247 5008 1044 5107 111111111111111111111111111111111111,
1071 5039 1136 5085 ne·-
1184 5029 1291 5086 tatem
1322 5040 1363 5084 ex
1385 5012 1529 5087 Medico
1561 5025 1595 5083 et
1617 5008 1779 5095 Medico,
1818 5010 1880 5080 sed
1908 5034 1949 5078 ex
1973 5008 2120 5082 Medico
2139 5020 2168 5076 et

145 5139 202 5212 gat
222 5120 290 5206 sibi
314 5117 402 5189 tanti
429 5138 502 5183 esse
529 5115 717 5203 religiones
745 5116 856 5200 ullas,
887 5129 1134 5209 utpropterea
1185 5116 1369 5207 Agricola,
1401 5112 1470 5185 hoc
1496 5127 1568 5199 est,
1601 5113 1750 5182 diversis
1778 5136 1818 5182 ac
1849 5109 2019 5204 pluribus
2042 5112 2166 5185 aruba

146 5217 450 5315 egereet·csurire
468 5217 562 5286 velit.
613 5215 666 5288 Ac
683 5219 841 5288 deservo
858 5219 906 5288 ait
921 5242 958 5288 se
973 5234 1136 5312 sumptu·
1186 5241 1274 5309 opus
1299 5244 1382 5289 esse.
1434 5213 1512 5285 Hoc
1535 5228 1693 5308 tempore
1716 5215 1906 5284 sanedura
1929 5214 2170 5287 fortunacott-

146 5347 327 5415 1111111111
344 5319 580 5413 supplicium,
614 5319 698 5414 quia
713 5321 884 5392 damnum
910 5321 1039 5392 sarcire
1062 5344 1136 5393 non
1186 5321 1362 5393 tlictanrur
1394 5317 1545 5390 studiosi
1577 5341 1719 5404 omnes,
1760 5343 1799 5387 ac
1833 5315 1933 5387 velut
1959 5316 2168 5394 ittesermt,
