4546 5760
110 155 185 231 sss
476 144 733 237 scarras
760 144 838 225 an
872 141 1067 225 ιιιιιι
1097 144 1174 245 ιιι
1201 116 1435 227 οιιιιιιιι
1464 125 1806 233 ιιιιιιιιιιι
2084 156 2156 232 ιιι

113 281 294 401 Ecclesiae
324 320 491 443 precibus
522 335 558 395 et
589 322 745 395 utilitate
779 335 897 409 moto,
933 322 1044 393 vitam
1070 320 1135 392 ἱιι
1130 321 1262 395 'ritate
1286 334 1321 395 et
1342 322 1476 395 virtute
1498 338 1719 416 praestantes
1736 324 1808 397 viri
1827 318 2011 399 αὐτόπται
2033 327 2157 399 testari

117 443 218 507 tanta
241 426 400 519 corporis
421 426 616 516 gracilitate
640 437 676 496 et
693 425 819 495 calculi
832 424 1048 496 cruciatibus
1065 400 1341 517 arripuerunt.
1393 424 1598 519 Tampium
1615 441 1650 497 et
1666 428 1845 518 placidum
1860 430 1994 499 exitum
2011 442 2050 501 et
2066 429 2158 501 libe-

118 543 255 604 tantam
277 541 453 599 senectam
476 540 698 619 prorogatam
718 526 843 611 fuisse,
872 539 914 597 ut
933 527 1113 597 climacte-
1132 498 1137 577 l
1159 526 1334 596 rationem
1366 550 1410 596 ex
1441 540 1515 598 tam
1548 527 1726 599 laboriose
1759 543 1796 602 et
1829 553 2043 601 aerumnosa
2083 530 2157 602 vita

121 632 235 705 ricum
251 654 390 701 nonum
405 643 598 720 superaret,
619 642 656 699 et
668 623 851 699 inchoaret
869 627 992 700 aetatis
1006 652 1114 720 quar·
1161 650 1283 697 omnes
1303 628 1507 717 gratulari
1497 630 1565 719 apsi
1589 631 1708 720 potius
1724 636 1831 725 qnam
1847 632 2034 723 deplorare
2049 631 2159 703 debe·

122 749 201 808 tum
226 745 262 802 et
285 731 538 821 sexagesimum
553 754 707 815 annum,
731 732 828 823 quod
844 730 939 801 vitae
955 729 1113 819 spacium
1161 752 1259 813 snus,
1284 742 1320 798 et
1343 751 1468 818 rogare
1491 731 1624 819 singuli
1639 731 1776 818 Deum,
1803 746 1843 804 ut
1864 757 1929 803 nos
1946 757 2094 827 quoque
2109 734 2159 805 si·

122 832 328 931 paucissimi
350 834 457 903 etiarn
480 856 607 923 magno
631 833 790 923 corporis
812 833 942 903 robore
961 830 1115 923 praediti
1161 830 1240 899 mili
1255 831 1512 923 tranquillitate
1533 833 1789 915 conscientiae,
1813 834 1925 903 simili
1947 835 2159 922 constantia,

124 937 316 1027 attingunt,
366 932 506 1003 Deinde
528 934 684 1003 vidimus
706 955 850 1018 omnes,
880 957 985 1025 quam
1010 955 1114 1002 aeru—
1163 932 1245 1001 lidei
1269 947 1305 1004 et
1325 932 1578 1017 confessionis,
1612 947 1647 1003 et
1672 934 1783 1004 simili
1802 937 1930 1007 ardore
1959 937 2158 1008 invocatio-

124 1061 287 1108 mnosam
311 1034 418 1107 vitam
434 1036 541 1125 egerit
557 1036 597 1105 in
612 1034 792 1127 perpetuis
806 1034 1008 1117 laboribus,
1032 1033 1116 1104 fati·
1163 1033 1220 1103 nis
1233 1057 1273 1103 ex
1287 1029 1509 1132 hoc-carcere
1524 1036 1685 1107 traducat
1701 1038 1745 1106 ad
1759 1049 1939 1108 aeternam
1953 1061 2057 1109 suam
2070 1062 2159 1110 eon-

125 1136 346 1231 gationibus,
381 1137 662 1223 afflictionibus,
695 1136 1009 1225 exagitationibus,
1042 1134 1115 1205 cri·
1162 1135 1399 1210 suetudinem.
1652 1154 1655 1161 ·

125 1237 398 1325 minationibus,
423 1238 563 1309 insidiis
577 1253 613 1310 et
627 1239 814 1323 morsibus,
838 1238 970 1331 quibus
986 1262 1005 1307 a
1019 1260 1117 1307 sum·
1266 1236 1433 1308 Attamen
1451 1230 1643 1309 Academia
1658 1253 1693 1311 et
1711 1233 1872 1315 Ecclesia
1886 1239 2010 1311 orbata
2025 1249 2079 1310 est
2091 1230 2159 1308 hoc

125 1341 215 1426 mis,
238 1340 382 1420 intimis,
409 1340 548 1425 exteris,
572 1336 760 1459 indigenis,
779 1334 940 1411 hostibus
955 1351 989 1409 et
1008 1338 1115 1408 disci·
1164 1338 1259 1407 fideli
1275 1338 1470 1409 etsalutari
1485 1340 1746 1429 gubernatore?
1787 1336 1853 1412 Est
1864 1363 1949 1411 sane
1960 1333 2049 1410 haec
2063 1340 2159 1410 cala

127 1428 270 1537 pulis
242 1465 319 1512 sane
341 1442 412 1511 fine
433 1455 468 1511 et
489 1442 631 1512 modo
620 1442 801 1532 impetitus
817 1455 851 1512 et
865 1443 1036 1511 laceratus
1051 1451 1116 1523 est,
1165 1440 1268 1510 mitas
1284 1440 1562 1526 inaestimabilis,
1587 1467 1695 1541 quam
1711 1442 1878 1513 videntur
1894 1439 2032 1513 multa
2020 1450 2158 1511 incom-

126 1559 169 1617 ut
189 1544 316 1614 merito
340 1566 421 1613 cum
444 1541 572 1613 Iacobo
583 1538 789 1613 Patrrarcha
809 1544 926 1615 dicere
947 1541 1116 1634 potuerit:
1165 1543 1270 1610 moda
1286 1553 1466 1626 secutura,
1487 1568 1593 1634 quam
1608 1544 1801 1638 aliquando
1817 1557 1937 1615 tamen
1949 1554 2158 1613 eventuram

127 1647 204 1718 dies
232 1645 527 1737 peregrinationis
552 1645 645 1714 vitae
668 1668 767 1714 meae
789 1646 934 1716 fuerunt
956 1642 1058 1735 parvi
1081 1654 1119 1711 et
1164 1642 1322 1712 fortassis
1346 1656 1467 1713 nostra
1492 1645 1711 1733 ingratitudo
1734 1657 1770 1715 et
1789 1646 1920 1716 abusus
1943 1639 2076 1717 horum
2091 1644 2157 1713 do-

127 1746 233 1832 mali;
260 1759 296 1816 et
317 1758 481 1816 mortuns
504 1748 567 1832 sit,
591 1760 634 1817 ut
652 1742 933 1829 deAhrahamo,
966 1744 1061 1816 Isaac
1083 1756 1118 1813 et
1166 1767 1296 1814 norum
1320 1745 1495 1814 maturius
1517 1746 1671 1818 attraxit.
1722 1744 1794 1817 Sed
1817 1767 2048 1834 agnoscamus
2065 1739 2158 1814 hanc

128 1848 210 1919 aliis
232 1847 418 1927 scribitur,
445 1861 556 1918 aetate
580 1847 759 1918 confectus
775 1861 809 1919 et
827 1848 953 1939 plenus
967 1847 1118 1930 dierum,
1166 1859 1323 1915 nostram
1344 1869 1428 1915 sane
1451 1838 1706 1936 deplorandam
1728 1861 1764 1917 et
1778 1846 2006 1938 castigatione
2021 1845 2159 1935 dignis·

128 1973 192 2021 seu
213 1961 389 2020 saturatus
409 1949 532 2030 annis,
556 1972 637 2018 cum
654 1971 756 2039 saepe
770 1948 987 2019 audierimus
1001 1947 1118 2038 ipsum
1167 1947 1292 2016 simam
1326 1945 1635 2043 ingratitudinem,
1675 1962 1712 2021 et
1738 1949 1921 2019 fastidium
1949 1962 1985 2019 et
2007 1948 2159 2019 abusum

132 2075 215 2123 cum
237 2064 320 2120 ante
340 2046 437 2121 hunc
456 2051 621 2118 morbum
638 2061 712 2119 tum
728 2062 885 2142 tempore
901 2050 1017 2120 morbi
1032 2072 1120 2118 con·
1166 2048 1402 2139 multiplicem
1440 2050 1618 2121 honorum
1658 2050 1914 2140 praesentium,
1951 2061 1988 2120 et
2015 2070 2159 2119 oremus

130 2164 338 2246 querentem
361 2153 406 2221 de
431 2151 563 2219 virium
586 2150 783 2222 defectione
807 2152 937 2221 dicere:
968 2174 1005 2221 se
1027 2149 1120 2219 velle
1168 2150 1307 2234 Deum,
1335 2165 1375 2221 ut
1390 2151 1532 2219 veniam
1547 2151 1679 2223 n‘ostris
1693 2151 1830 2221 delictis
1846 2165 1992 2243 paterna
2006 2172 2072 2219 sua
2087 2149 2159 2219 ele·

130 2250 209 2325 Deo
233 2253 378 2322 obedire
401 2265 435 2322 et
458 2252 609 2338 servire,
630 2265 671 2322 ut
692 2267 791 2337 ante,
817 2255 846 2321 si
871 2253 901 2323 is
922 2253 1010 2322 velit
1026 2251 1120 2319 vitae
1168 2254 1298 2320 mentia
1323 2252 1476 2336 tribuat,
1500 2266 1536 2324 et
1558 2254 1655 2347 quod
1677 2265 1729 2322 est
1745 2253 1925 2345 reliquum
1940 2250 2031 2321 lucis
2044 2251 2159 2321 etdo-

131 2377 245 2425 annos
259 2355 378 2445 plures
392 2354 562 2438 adiicere,
586 2353 641 2423 sin
657 2355 797 2440 minus,
817 2378 855 2424 se
867 2355 955 2423 adeo
970 2377 1045 2422 non
1062 2377 1118 2421 re-
1168 2353 1301 2422 ctrinae
1324 2352 1499 2423 divinitus
1520 2377 1585 2445 per
1608 2349 1693 2424 haec
1715 2354 1883 2424 salutaria
1907 2374 2039 2443 organa
2054 2350 2158 2421 nohis

131 2457 326 2527 formidare
338 2452 508 2536 rno'rtern,
532 2467 574 2525 ut
591 2480 666 2526 eam
682 2457 786 2526 etiam
806 2456 1035 2546 expetendam
1050 2453 1119 2523 sibi
1169 2453 1360 2523 clementer
1384 2456 1555 2540 donatae,
1580 2467 1784 2525 reverenter
1805 2468 1841 2525 et
1861 2453 1952 2543 grati
1967 2453 2158 2550 amplecta-

131 2559 396 2651 optandamque
412 2558 508 2627 iuxta
526 2556 742 2627 voluntatem
757 2555 824 2627 Dei
838 2554 1021 2625 existimet.
1071 2551 1121 2623 Et
1168 2578 1270 2639 mur,
1295 2567 1329 2625 et
1353 2578 1564 2647 usurpemus
1585 2557 1630 2626 ad
1656 2556 1927 2626 celebrationem
1951 2552 2088 2644 gloriae
2101 2552 2158 2624 di-

131 2661 183 2730 ita
212 2657 322 2737 obiit,
354 2672 395 2729 ut
423 2658 573 2750 quisque
602 2657 669 2727 sibi
698 2658 870 2726 maiorem
894 2656 1119 2725 foelicitatem
1169 2656 1292 2741 vinae,
1318 2670 1352 2728 et
1373 2658 1418 2727 ad
1442 2659 1726 2730 emendationem
1748 2658 1843 2728 vitae
1863 2679 1904 2727 ac
1926 2678 2070 2727 morum
2091 2678 2158 2725 no·

133 2773 256 2851 optare
278 2782 353 2828 non
375 2759 505 2850 possit,
536 2781 642 2850 quarn
664 2758 695 2827 si
718 2771 797 2850 post
818 2754 1034 2846 agnitionem
1050 2754 1119 2827 Dei
1160 2768 1341 2840 'atrorum,
1374 2770 1409 2828 et
1439 2782 1649 2829 veneremur
1676 2760 1837 2828 doctores
1866 2756 2092 2849 superstites,
2122 2769 2158 2827 et

133 2860 168 2931 et
188 2860 254 2929 filii
274 2859 351 2930 eius
370 2858 509 2928 domini
525 2859 639 2929 nostri
652 2857 731 2929 lesu
747 2854 900 2943 Christi,
926 2883 1005 2930 cum
1018 2870 1119 2928 tran·
1168 2859 1314 2929 illorum
1334 2860 1497 2930 fidelibus
1516 2861 1663 2932 monitis
1677 2873 1880 2930 reverenter
1893 2882 2100 2950 pareamus,
2123 2867 2158 2927 et·

134 2961 246 3056 quilla
268 2960 483 3032 conscientia
507 2959 658 3049 migrare
679 2984 721 3031 ex
738 2955 806 3031 hac
821 2982 1030 3033 aerumnosa
1048 2961 1119 3030 vita
1169 2961 1403 3049 adiungamus
1415 2961 1688 3042 invocationem,
1708 2963 1875 3033 ardenter
1887 2973 2047 3053 petentes
2057 2982 2159 3030 aver·

133 3076 232 3136 tanta
254 3062 455 3155 placiditate
478 3074 596 3155 queat.
658 3059 750 3133 Nam
772 3075 807 3134 et
828 3062 982 3153 seipsum
1003 3061 1120 3132 morbi
1169 3061 1306 3133 sionem
1329 3075 1366 3133 et
1388 3062 1645 3150 mitigationem
1665 3062 1949 3154 impendentium
1970 3060 2159 3143 malorum,

134 3179 292 3257 ternpore
320 3177 355 3235 et
382 3186 448 3233 nos
476 3163 628 3234 visentes
649 3164 765 3253 ipsum
788 3186 828 3232 ac
851 3163 987 3233 doloris
1006 3162 1121 3233 nostri
1169 3176 1206 3235 et
1225 3165 1528 3234 conservationem
1546 3160 1784 3235 Ecclesiamm
1806 3176 1842 3235 et
1863 3157 2098 3248 Scholsrum,
2119 3160 2159 3231 in

136 3269 234 3357 signa
250 3267 493 3350 ostendentes,
518 3266 629 3335 verbo
640 3261 710 3334 Dei
725 3276 760 3335 et
775 3265 977 3336 ostensione
991 3265 1120 3335 volun-
1170 3265 1299 3359 quibus
1321 3280 1424 3337 sonat
1444 3290 1514 3335 vox
1527 3261 1734 3356 Evangelii,
1767 3277 1802 3335 et
1817 3287 1889 3336 suo
1906 3263 2059 3357 quisque
2081 3262 2157 3333 loeo

103 3374 110 3381 ’
135 3367 217 3437 tatis
241 3367 439 3437 divinaret
462 3366 737 3455 promissionum
759 3367 907 3437 mirifice
919 3367 1121 3437 consolatus
1170 3367 1299 3459 partim
1314 3367 1467 3438 fideliter
1481 3378 1515 3438 et
1529 3369 1651 3441 dextre
1667 3367 1847 3450 docendo,
1871 3364 2003 3456 partim
2015 3376 2158 3435 menne

136 3466 207 3550 es't,
241 3481 276 3540 et
294 3469 411 3559 palam
436 3469 624 3561 aliquoties
647 3469 825 3561 professus
852 3481 922 3554 est,
959 3469 1061 3539 nullo
1083 3492 1121 3538 se
1170 3468 1351 3549 discendo,
1378 3484 1413 3541 et
1427 3468 1726 3560 utrobiquerecte
1742 3482 1777 3539 et
1793 3468 1851 3559 pie
1866 3467 2034 3550 vivendo,
2060 3488 2175 3537 snam.

136 3568 329 3641 domestico
352 3582 415 3641 aut
447 3570 585 3662 privato
617 3570 741 3641 dolore
772 3568 870 3660 angi,
899 3572 958 3640 sed
983 3584 1120 3641 tantum
1170 3570 1407 3639 obedientiam
1429 3568 1505 3639 Deo
1536 3585 1703 3660 praestet,
1745 3582 1780 3639 et
1801 3581 1956 3659 expectet
1974 3567 2158 3649 auxilium,

135 3673 257 3742 animo
286 3670 435 3743 cruciari
459 3685 602 3762 propter
622 3667 714 3742 hanc
735 3672 968 3741 insanabilem
992 3673 1120 3741 distra—
1171 3671 1411 3739 defensionem
1438 3684 1472 3742 et
1499 3694 1616 3740 veram
1643 3670 1922 3741 consolationem
1944 3692 1964 3738 a
1990 3669 2067 3738 tilio
2091 3665 2156 3739 Dei

136 3775 291 3845 ctionem
310 3773 514 3844 docentium
531 3773 570 3841 in
584 3768 752 3843 Ecclesiis
768 3786 881 3842 ortam
897 3798 938 3841 ex
955 3772 1119 3843 odiorum
1171 3771 1318 3841 domino
1349 3785 1470 3842 nostro
1494 3771 1573 3843 lesu
1596 3767 1760 3853 Christo,
1792 3771 1855 3862 qui
1885 3769 2052 3860 promisit
2078 3784 2159 3839 suae

135 3874 325 3945 acerbitate
348 3888 382 3945 et
402 3874 626 3968 quorundam
645 3874 820 3944 maliciosa
841 3868 1057 3964 Sophistica,
1080 3897 1121 3944 ex
1170 3870 1346 3944 Ecclesiae
1367 3887 1570 3965 perpetuam
1595 3897 1694 3944 suam
1717 3872 1968 3964 praesentiam,
1993 3872 2088 3942 sicut
2104 3870 2158 3939 in·

136 4000 207 4067 qua
230 3976 369 4046 dicebat
391 3977 595 4066 impendere
609 3976 759 4045 maxima
775 3974 928 4066 pericula
945 3970 1121 4047 Ecclesiae
1171 3976 1267 4069 quit:
1302 4000 1375 4045 non
1399 3977 1597 4068 relinquam
1622 3998 1686 4046 vos
1707 3969 1898 4066 orphanos.
1956 3968 2066 4043 Item:
2096 3992 2156 4061 ego

135 4090 172 4147 et
201 4078 479 4170 rehuspublicis,
519 4091 554 4149 et
585 4074 701 4147 Deum
730 4078 895 4147 ardenter
923 4078 1121 4163 invocabat,
1170 4102 1231 4147 ero
1251 4077 1434 4146 vobiscum
1459 4078 1626 4147 omnibus
1647 4077 1773 4147 diebus
1794 4096 1906 4169 usque
1927 4075 1972 4143 ad
1992 4096 2158 4145 consum·

135 4178 259 4251 multis
282 4179 528 4264 audientibus,
553 4194 594 4251 ut
614 4180 689 4270 ipse
712 4192 852 4248 sanaret
876 4179 1024 4247 vulnera
1048 4175 1120 4248 Ec·
1170 4178 1364 4248 mationem
1397 4178 1517 4251 seculi.
1575 4178 1816 4249 Abducuntur
1850 4176 1901 4268 pii
1928 4189 1964 4246 et
1988 4175 2174 4247 salutares-

136 4280 262 4350 cle‘siae
278 4292 313 4351 et
331 4295 486 4352 servaret
500 4295 619 4350 coetus
633 4281 691 4371 pie
704 4278 906 4349 docentium
922 4294 959 4351 et
972 4280 1121 4350 audien·
1168 4277 1342 4351 Doctores
1364 4280 1538 4371 perfuncti
1558 4303 1622 4351 suo
1640 4301 1787 4350 munere
1808 4291 1844 4348 et
1862 4277 2023 4349 consecto
2044 4276 2156 4347 curri·

136 4381 226 4452 tium
257 4383 498 4473 incorruptam
520 4376 708 4470 Evangelii
734 4381 950 4466 doctrinam,
983 4394 1018 4451 et
1037 4406 1121 4453 suae
1170 4383 1262 4461 culo,
1285 4384 1381 4474 quod
1397 4382 1482 4472 ipsis
1495 4381 1592 4454 Deus
1607 4380 1805 4450 mandavit·
1830 4380 1890 4448 sed
1907 4402 1979 4448 non
1998 4392 2159 4470 propter·

135 4485 329 4554 constantis
348 4481 578 4555 confessionis
602 4482 700 4571 signa
723 4507 836 4577 usque
856 4485 901 4552 ad
924 4496 1120 4554 extremum
1170 4508 1209 4554 ea
1239 4484 1415 4553 deseritur
1447 4507 1593 4575 prorsus
1616 4479 1774 4553 Ecclesia
1804 4504 1825 4547 a
1853 4479 1927 4550 filio
1951 4478 2043 4567 Dei,
2078 4479 2156 4549 ideo

134 4583 228 4656 vitae
245 4578 394 4655 halitum
407 4585 591 4656 manifesta
608 4585 737 4666 edidit,
762 4609 843 4656 eum
865 4584 1014 4681 septimo
1031 4584 1120 4655 Par·
1168 4586 1312 4655 sedente.
1341 4587 1386 4654 ad
1409 4587 1567 4655 dextram
1594 4582 1726 4657 aeterni
1749 4581 1876 4671 patris,
1917 4594 1960 4652 ut
1979 4581 2042 4653 det
2064 4582 2156 4653 done

137 4708 282 4780 oxysmo
323 4686 432 4757 febris
469 4686 639 4757 tertianae
672 4687 765 4757 vires
806 4688 965 4782 corporis
996 4688 1120 4758 vitales
1168 4681 1393 4769 hominihus,
1417 4683 1629 4778 Apostolos,
1654 4680 1868 4776 Prophetas,
1900 4677 2155 4771 Evangelistas,

135 4785 223 4858 adeo
243 4800 436 4878 prostratae
458 4788 626 4873 fuissent,
650 4803 689 4860 ut
711 4788 956 4859 destillantes
944 4812 983 4857 ιιι
999 4802 1120 4880 pectus
1168 4787 1330 4858 Pastores
1343 4802 1380 4857 et
1390 4788 1579 4873 Doctores
1604 4810 1693 4880 quos
1707 4809 1780 4855 non
1798 4797 1945 4875 repente
1958 4783 2045 4855 facit
2060 4804 2156 4854 sum-

136 4912 179 4957 ex
171 4882 356 4958 catarrho
373 4884 585 4961 humores
555 4892 679 4961 eiicere
692 4890 845 5010 amplius
858 4914 931 4959 non
947 4891 1118 4976 valerent,
1167 4912 1246 4958 mos
1262 4902 1297 4959 et
1313 4890 1621 4960 excellentissimos
1634 4889 1750 4969 donis,
1775 4888 1836 4957 sed
1848 4884 1950 4956 addit
1963 4908 2034 4956 usu
2052 4898 2089 4957 et
2101 4884 2155 4976 pie

134 4989 231 5085 unde
255 4989 425 5081 paulatim
447 4992 617 5082 impedita
638 4992 848 5084 spiratione,
879 5015 942 5061 ceu
968 4987 1117 5063 inchoa·
1167 4989 1417 5061 exercitatione
1451 4993 1666 5061 incrementa
1700 4991 1896 5072 donorum,
1910 4988 2026 5059 sicut
2052 5009 2155 5077 expe·

133 5102 235 5161 turus
257 5115 421 5163 somnum
445 5094 713 5184 profundiorem
739 5094 875 5187 placide
889 5095 1119 5178 obdormivit,
1166 5092 1294 5162 rientia
1325 5105 1484 5165 testatur.
1540 5086 1619 5163 Etsi
1645 5091 1755 5181 igitur
1778 5091 1883 5160 talem
1912 5088 2154 5159 excellentiam

133 5190 279 5313 integris
304 5217 415 5287 usque
445 5198 489 5263 ad
511 5209 703 5266 extremum
730 5196 908 5280 sensibus,
941 5210 977 5268 et
999 5211 1117 5267 mente
1166 5192 1411 5282 ingeniorum,
1437 5192 1583 5287 qualis
1574 5219 1610 5263 m
1633 5188 1791 5264 Luthero
1814 5205 1849 5263 et
1863 5184 2103 5261 Melanthonc
2120 5200 2154 5269 et

89 5294 321 5366 rectiuime
337 5295 408 5377 sibi
423 5310 624 5384 constante,
649 5297 687 5368 id
703 5300 798 5393 quod
821 5296 969 5392 plurimi
988 5292 1118 5371 autho-
1164 5294 1246 5367 aliis
1257 5292 1470 5388 quibusdam
1488 5295 1561 5367 vita
1574 5295 1705 5369 functis
1720 5294 1927 5373 doctoribus
1939 5287 2048 5363 huius
2063 5304 2156 5365 aets-
