4546 5760
102 141 153 215 rt
293 118 749 211 nnsroranuu,
779 111 1153 198 wermonon
1175 119 1253 199 nu
1278 123 1701 228 scarrronuu
1730 128 1840 210 me.
1867 62 1966 211 xri.
2107 129 2159 209 aa

113 316 191 386 sine
218 305 352 379 iudicio
380 301 594 384 interlicere3
636 295 765 366 deinde
796 309 880 366 sunt
900 288 1032 388 ἤδικα,
1068 293 1113 363 de
1539 297 1778 400 (Spufflosps.)

116 413 221 488 amici
247 425 280 479 et
301 405 441 497 cognati
466 401 600 484 officio,
632 402 676 470 de
701 397 859 468 moribus
883 394 1114 489 popularibus
1141 403 1147 411 '

118 514 288 589 sedandis
303 533 378 580 non
391 508 428 576 vi
441 505 502 576 sed
517 503 677 586 ratione,
701 514 819 571 ctarte
832 498 999 586 cedendi3
1025 520 1114 590 qua-

117 624 170 691 les
188 614 316 686 sintin
341 608 544 682 civitatibus
560 602 777 674 seditionum
800 614 952 675 autores.
1002 597 1117 668 Deni-

119 742 190 816 que
210 719 330 804 imago
353 725 406 782 cst
425 709 619 779 multarum
635 727 755 775 rerum
776 699 995 773 haecfabula
1009 696 1117 772 huius

122 818 306 912 scriptoris
316 811 365 909 ¹')
401 810 591 902 Propterea
608 801 734 878 hortor
746 800 972 878 scholasticos
984 815 1025 873 ut
1041 824 1117 871 cam

123 925 314 1012 diligenter
338 914 498 986 audiant.
557 907 598 981 Si
620 909 752 1003 quibus
773 908 903 976 desunt
925 905 1062 974 codices
1079 899 1118 970 bi

124 1026 238 1096 sciant
260 1018 401 1089 venales
422 1036 496 1084 esse
518 1012 614 1104 apud
644 1010 878 1101 bibliopolam
903 995 1118 1103 Cdristoph.

127 1118 300 1198 Scitam.
351 1115 526 1209 Incipiam
542 1127 661 1186 autem
676 1111 735 1182 die
750 1111 910 1206 proxima
924 1102 1044 1179 ilrnae.

1164 442 1273 527 Duas
1293 448 1413 521 iudico
1435 448 1641 523 utilissimas
1665 475 1739 523 csse
1757 450 2013 544 praelectiones
2036 448 2160 521 omni·

1166 556 1232 625 bus
1251 544 1490 639 scholasticis,
1525 552 1587 648 qui
1611 553 1714 625 initia
1735 547 1984 646 philosophiae
2004 551 2162 637 diseunt,

1167 679 1266 738 eam,
1296 653 1335 723 in
1356 677 1426 748 qua
1442 654 1635 726 traduntur
1654 651 1906 741 Aritbmetica,
1936 667 1972 727 et
1986 654 2161 726 elementa

1167 752 1368 852 sphaerica,
1396 780 1438 825 ac
1452 757 1618 842 alteram,
1642 757 1681 827 in
1701 782 1771 851 qua
1788 756 1932 827 exordia
1947 750 2113 851 physices
2127 768 2163 826 et

1168 858 1329 929 doctriua
1356 859 1400 926 de
1430 859 1569 944 anima,
1601 872 1864 952 proponuntur.
1921 854 2014 929 Cum
2041 871 2162 928 autem

1168 957 1257 1032 hora
1276 959 1484 1030 duodecima
1497 984 1563 1030 nec
1579 961 1722 1042 lectori,
1754 984 1820 1031 nec
1833 959 2062 1031 auditoribus
2081 959 2164 1031 ido·

1169 1086 1236 1133 nea
1266 1061 1331 1146 sit,
1367 1061 1417 1131 ita
1448 1061 1684 1133 iudicavimus
1709 1062 1973 1134 distribuendas
1997 1083 2073 1131 csse
2097 1054 2163 1132 has

1170 1185 1313 1257 operas,
1338 1173 1379 1231 ut
1393 1157 1481 1234 hora
1490 1162 1595 1235 tertia
1610 1164 1649 1232 in
1664 1165 1841 1235 auditorio
1855 1163 2010 1233 maximo
2024 1161 2165 1235 trihus-

902 1331 1116 1348 Μ
1172 1280 1232 1337 tur
1244 1258 1501 1336 Arithmeticae
1522 1278 1556 1336 et
1570 1261 1782 1357 sphaericae
1801 1263 2006 1350 doctrinae,
2035 1274 2165 1358 quarta

1172 1391 1258 1438 uero
1273 1366 1312 1435 in
1327 1366 1506 1439 auditorio
1522 1364 1766 1452 Medicorum,
1790 1365 1974 1438 doctrinae
1986 1358 2165 1460 physicae.

128 1499 197 1575 No·
212 1493 325 1571 7037·
832 1526 838 1539 .
1000 1516 1042 1534 -
1071 1517 1118 1535 -
1172 1467 1310 1540 Hortor
1330 1481 1447 1539 autem
1472 1463 1719 1554 scholasticos,
1750 1468 1823 1538 imo
1848 1482 1994 1562 propter
2013 1467 2165 1537 salutm

32 1622 34 1626 -
135 1593 308 1627 W
996 1574 1121 1599 ‘⁶‘
1175 1569 1340 1641 ecclesiae
1371 1584 1406 1641 et
1429 1585 1573 1663 propter
1594 1571 1744 1661 gloriam
1772 1570 1831 1639 dci
1853 1570 2011 1640 obtestor
2031 1591 2167 1654 omnes,

479 1697 765 1820 (studiosa-3.)
1174 1685 1216 1743 ut
1238 1666 1330 1842 lpanc
1353 1673 1465 1764 ipsam
1489 1674 1688 1744 doctrinam
1710 1685 1849 1757 ament,
1880 1694 1947 1741 nec
1961 1671 2037 1742 eius
2050 1670 2167 1742 studia

1175 1797 1243 1865 neg
1259 1787 1365 1864 agent.

125 1345 478 1371 *mm-m

132 1854 1091 2019 Emisenae-moeream„
1687 1918 2120 2020 Phnippusttetaurhon.

168 2073 201 2138 *t
220 2070 359 2145 Scriptum
372 2074 413 2125 est
423 2066 497 2135 isis:
517 2060 558 2119 rel
570 2060 642 2130 spis.

258 3372 327 3480 n)
382 3337 679 3477 tumore,
740 3353 1104 3468 constare,
1167 3350 1471 3443 scatent
1526 3350 2069 3469 nnnanruonrs,

697 3592 782 3661 quse
803 3591 868 3660 quo
889 3583 1036 3657 tenpore
1054 3567 1177 3654 suipra
1196 3567 1264 3634 siut
1284 3566 1411 3633 definiri
1429 3587 1494 3633 nou
1514 3568 1628 3652 potuit.

163 3846 233 3922 No.
254 3842 369 3918 7088.
991 3869 1044 3888 -
1069 3865 1118 3899 -μ-
1188 3826 1424 3898 consuetudo:
1456 3819 1621 3895 homines
1643 3823 1817 3918 sapientes
1840 3824 2022 3917 defatigati
2043 3828 2178 3902 labori·

146 3943 377 3976 m
974 3926 1136 3995 θ’*
1187 3931 1274 4016 bus,
1299 3928 1406 3997 semel
1423 3927 1664 4002 comederunt.
1715 3925 1907 3998 Venientes
1922 3951 2006 4000 vero
2019 3930 2068 4001 ad
2079 3954 2179 4004 men-

244 4049 342 4167 (De
364 4044 527 4134 tillitus
553 4040 772 4128 Veterum
794 4037 846 4124 t'tt
868 4032 1045 4150 coena.)
1190 4055 1285 4116 sam,
1314 4055 1385 4124 quo
1402 4030 1529 4101 melius
1539 4022 1822 4131 acquiescerent,
1855 4031 2103 4128 unusquisqne
2123 4058 2181 4107 or-

1190 4133 1341 4227 cupabat
1361 4133 1537 4222 integrum
1565 4130 1712 4202 lectum:
1748 4130 1799 4202 sic
1824 4153 1946 4203 mensa
1971 4134 2079 4208 debet
2109 4159 2181 4207 esse

254 4217 465 4290 Mtnffif'mss·
479 4213 624 4290 ΜΨ
1191 4237 1290 4307 locus
1319 4234 1477 4329 quietus,
1517 4245 1553 4305 et
1587 4257 1663 4304 nou
1696 4229 1956 4304 Centaurorum
1991 4237 2179 4312 stabulum.

151 4402 214 4478 De
240 4386 497 4473 consuetudine
528 4384 647 4460 cibum
674 4379 848 4485 capiendi
874 4380 981 4493 apud
1001 4395 1143 4463 veteres.
1193 4335 2180 4531 affixi?xlm}iguiiauffimsffgsifflggssffi

151 4542 247 4629 Fuit
279 4551 426 4642 antiqua
460 4537 702 4622 consuetodo,
743 4548 786 4609 ut
817 4537 1066 4609 accumberent
1097 4539 1142 4608 ad
1194 4541 1284 4612 Tres
1302 4523 1526 4621 convivium,
1552 4563 1680 4609 novem
1699 4536 1912 4611 convicium.
1966 4537 2056 4612 item
2071 4542 2183 4616 dialo-

152 4677 330 4731 mensam:
371 4648 462 4719 sicut
484 4638 651 4716 Christus
679 4638 796 4725 sedet,
836 4641 981 4735 quando
1015 4639 1145 4711 mulier
1195 4642 1231 4734 gi
1254 4656 1337 4714 sunt
1351 4640 1550 4737 plerunque
1573 4640 1702 4712 trium:
1738 4640 1812 4710 duo
1829 4652 1913 4712 sunt
1932 4640 2183 4738 colloquentes,

153 4754 328 4859 peccatrix
342 4744 537 4848 (laucari.)
550 4740 778 4814 contrectavit
793 4740 868 4813 eius
881 4743 999 4835 pedes.
1026 4739 1146 4814 'Pedes
1196 4745 1321 4816 tertius
1350 4758 1402 4814 est
1430 4744 1531 4838 quasi
1555 4744 1689 4815 arbiter
1711 4740 1971 4837 interloquens:
2004 4759 2046 4818 ut
2074 4760 2128 4821 est
2146 4748 2184 4819 in

156 4872 258 4934 erant
272 4853 378 4950 positi
394 4849 433 4919 in
449 4868 616 4930 maruno,
637 4866 698 4914 scu
715 4843 856 4917 lectulo.
893 4841 1146 4915 'Pictoresnon
1198 4846 1346 4935 dialogis
1376 4844 1548 4920 Platonis.
1614 4839 1748 4917 Omnia
1778 4844 1936 4936 exempla
1964 4846 2184 4944 antiquitatis

157 4977 251 5036 recte
283 4956 470 5026 imitantur
501 4949 686 5042 pingentes
712 4942 865 5016 Mariam
885 4943 1148 5036 Magdalenam,
1198 4973 1279 5019 vere
1294 4942 1428 5018 babent
1447 4948 1603 5043 aliquam
1624 4942 1809 5038 pulchram
1825 4960 1859 5018 et
1874 4969 2017 5037 gravem
2034 4974 2187 5024 causam.

158 5087 249 5162 quae
263 5081 340 5129 nun
354 5040 421 5124 sub
435 5050 603 5133 scamnis,
627 5049 686 5118 sed
703 5047 742 5116 in
757 5048 886 5118 lectulo
893 5044 1026 5120 Christi
1043 5050 1149 5143 pedes
1303 5047 1400 5120 illud
1416 5062 1533 5119 autem
1550 5042 1704 5135 dictum,
1727 5049 1825 5142 quod
1842 5049 2034 5144 antiquitas
2050 5064 2187 5127 tantum

160 5164 314 5238 osculata
342 5169 405 5228 est.
465 5151 682 5223 Triclinium
703 5162 867 5223 vocatur:
901 5152 986 5245 quia
1005 5151 1150 5224 [uerunt
1201 5152 1308 5222 semel
1329 5150 1539 5233 comederit,
1574 5173 1648 5222 non
1670 5164 1722 5222 est
1743 5150 2014 5242 intelligendum
2035 5154 2082 5225 dc
2097 5180 2187 5228 mes-

159 5285 230 5340 tres
253 5259 375 5371 lectuli
399 5258 443 5327 ad
472 5276 631 5324 mensam
654 5251 829 5328 collocati.
886 5251 1041 5347 Fuitque
1064 5246 1152 5325 haec
1204 5253 1360 5340 soribus,
1390 5253 1517 5335 servis,
1551 5267 1613 5325 aut
1632 5253 1763 5346 pueris.
1789 5277 1872 5323 nam
1893 5254 1980 5326 tales
2002 5258 2187 5331 sumebant
