4546 5760
113 184 189 270 ατ
699 182 1123 299 quassatosas
1158 188 1556 269 aesonmcaa
2076 186 2151 265 aaa

113 364 291 462 πυθμένα
319 360 397 459 pcr'
413 366 625 435 vocabulum
648 365 923 455 diagrammatos
946 368 1107 459 explicat,

113 500 184 567 quo
194 471 354 542 absolute
364 464 423 538 hic
434 469 958 560 significaturquadrangulum,
980 494 1105 564 quam·

113 574 167 643 vis
197 587 231 643 et
256 573 344 642 alias
365 570 497 660 species
519 571 703 660 planarum
729 571 921 658 figurarum
945 597 1106 664 compre-

112 666 266 759 hendat,
292 666 453 770 συζυγία
475 686 592 741 atatem
617 672 774 764 quinarii
794 673 833 740 lit
857 696 920 765 per
936 675 1106 763 diagona-

112 780 204 859 lem,
230 772 419 845 habentem
443 775 602 867 quinque
625 791 741 866 partes
761 775 1016 865 coniungentes
1032 780 1105 845 dcto

111 882 240 964 latera,
280 900 434 969 quorum
463 878 615 945 alterum
646 890 734 959 tres,
773 877 922 946 alterum
952 888 1107 971 quatuor

112 974 222 1050 habet
237 992 362 1071 partes.

433 1138 604 1235 Sequitur
620 1141 657 1210 in
675 1156 787 1212 textu:

354 1236 426 1317 δύο
451 1239 634 1339 ἁρμονίας
653 1240 862 1339 παρέχεται.

215 1379 318 1472 Quae
337 1381 444 1451 verba
468 1391 578 1450 totam
602 1376 764 1449 Platonis
784 1379 995 1449 sententiam
1016 1380 1105 1449 cim-

114 1486 233 1557 meriis
257 1483 414 1554 tenebris
436 1483 605 1551 videntur
630 1482 832 1565 involvere,
860 1482 907 1551 ita
931 1495 970 1550 ut
989 1494 1104 1572 toturn

112 1592 246 1659 dietum
279 1585 375 1654 loliis
393 1583 568 1679 Sibyllae,
609 1598 671 1652 aut
701 1583 897 1672 aenigmate
926 1579 1106 1676 Sphyngis

111 1693 276 1760 videatur
291 1689 488 1759 obscurius.
541 1682 734 1772 Quomodo
750 1685 844 1753 enim
862 1685 896 1752 id
914 1684 951 1752 iu
966 1680 1031 1753 hac
1048 1710 1105 1754 ce-

113 1817 193 1864 rum
209 1804 334 1860 natura
354 1787 521 1879 possibile
536 1789 611 1855 est?
637 1787 692 1855 vel
708 1786 846 1855 ratione
862 1809 1106 1871 numerorum,

110 1884 169 1965 vel
191 1891 432 1982 cuiuscunque
456 1888 681 1982 quantitatis,
713 1888 972 1981 sesquitertiam
995 1890 1105 1959 ratiss-

112 2021 194 2066 nem
229 1994 495 2083 componendo,
538 1992 592 2058 vel
622 2015 731 2060 cruam
765 1992 932 2081 praebete
961 1984 1106 2060 barmo-

52 2176 61 2188 ,
112 2096 235 2168 niam?
287 2091 329 2163 ld
359 2093 454 2161 enim
486 2092 704 2183 impossibile
733 2107 785 2162 est
807 2115 849 2162 ex
871 2086 1102 2187 Pythagorica

112 2197 339 2279 delinitione,
363 2207 459 2264 etex
481 2195 643 2263 doctrina
665 2194 953 2286 proportionum.
1005 2194 1104 2266 Sicut

112 2301 209 2372 cuim
225 2296 413 2389 Diapeute‚
439 2297 719 2389 quotiescunque
735 2311 887 2379 arictum,
915 2320 988 2365 non
1006 2319 1106 2388 prae·

112 2407 172 2473 bet
186 2401 296 2471 ullam
313 2398 596 2481 consonantiam,
620 2399 667 2468 ita
685 2421 749 2467 nec
763 2398 995 2469 diatessaron:
1021 2400 1105 2491 qnia

113 2518 281 2575 neutrum
310 2516 362 2569 est
391 2502 427 2569 in
453 2500 572 2591 aliqua
596 2499 788 2589 rncsltiplici
810 2500 965 2584 ratione,
996 2512 1107 2570 otest

110 2603 314 2697 Diapason,
340 2628 429 2694 quae
448 2615 584 2671 tantum
603 2597 788 2670 harmonia
806 2617 906 2670 aucta
923 2604 1107 2672 constituit

113 2704 341 2786 hannonias,
366 2703 447 2772 ideo
470 2702 501 2771 ei
527 2704 611 2787 soli,
638 2701 845 2772 Aristoteles
868 2702 994 2773 tribuit
1010 2705 1106 2774 anti·

113 2805 256 2900 phona,
283 2816 322 2873 ut
339 2827 390 2874 est
406 2805 527 2873 videre
544 2805 583 2871 in
601 2805 833 2873 decimanona
851 2805 1006 2875 sectione
1022 2830 1106 2897 pro·

114 2911 321 2981 hiematum.
374 2905 513 2976 Deinde
536 2928 706 2999 quasnam
728 2901 932 2977 harmonias
954 2908 1107 2979 efiiceret

115 3010 310 3101 composita
326 3008 565 3100 sesquitertia,
591 3033 672 3077 cum
689 3008 727 3074 in
744 3021 816 3078 tota
831 3030 951 3077 rerum
967 3023 1105 3091 natura,

112 3122 184 3183 tres
216 3124 352 3180 tantum
386 3112 557 3202 perfectae
589 3104 798 3177 harmoniae
827 3108 991 3178 iuventae
1012 3126 1106 3186 sunt.

112 3214 260 3305 Nempe,
291 3211 485 3304 Diapason,
509 3208 695 3301 Diapente,
718 3208 1000 3291 etDiatessacon‚
1024 3213 1107 3305 qui-

112 3318 181 3387 bus
196 3329 399 3403 congruunt
412 3314 643 3406 compositae,
670 3312 911 3403 Disdiapason
923 3327 958 3382 et
972 3312 1106 3405 Diapa·

113 3442 180 3489 son
201 3440 282 3486 cum
298 3414 484 3507 Diapente.
536 3412 638 3503 Quae
659 3409 865 3485 harmoniae
881 3416 1105 3487 nullomodo

113 3522 206 3589 bunt
232 3541 278 3586 es·
295 3517 554 3609 compositione
577 3530 638 3586 aut
663 3514 909 3603 Diatessaron,
935 3530 997 3587 aut
1017 3515 1105 3589 Dia-

113 3635 228 3713 peute.
281 3619 376 3688 Num
401 3620 510 3707 igitur
532 3618 836 3706 ignorantiaeaut
858 3617 1105 3693 illiberalitatis

115 3721 234 3818 (quod
257 3744 320 3789 sua
335 3721 490 3789 noluerit
509 3717 677 3811 intelligi)
694 3723 910 3790 accusandus
926 3734 977 3790 est
991 3719 1106 3809 Plato,

112 3817 413 3910 Philosophorum
439 3821 783 3912 praestantissimus?
840 3820 1014 3891 Neutrum
1039 3821 1105 3894 ho-

112 3952 192 3996 rum
218 3925 292 3993 ullo
317 3925 423 3993 modo
441 3924 706 3993 concedendum
725 3936 793 3992 est:
818 3946 942 3993 verum
959 3948 1106 4015 respon-

113 4028 285 4111 dendum,
309 4052 390 4095 eum
405 4026 554 4096 abusum
571 4049 644 4094 esse
660 4026 805 4094 nomine
818 4018 1026 4095 harmoniae
1042 4051 1104 4118 pro

114 4128 344 4210 dissonantia,
371 4152 461 4220 quae
475 4140 637 4215 generata
653 4140 705 4196 cst
720 4152 760 4197 ex
776 4129 949 4198 concinna
962 4142 994 4198 et
1006 4132 1105 4198 suavi

115 4224 301 4302 harmonia
325 4228 570 4312 Diatessaron,
604 4229 695 4298 sicut
715 4230 821 4318 vulgo
843 4231 1103 4321 receptaculum

115 4331 293 4402 cadaveris
308 4331 459 4399 dicimus
474 4325 700 4420 sepulchrum
716 4326 890 4410 hominis,
917 4332 983 4422 ipsi
1001 4335 1104 4401 cada-

115 4435 190 4502 veri
208 4435 401 4503 tribuentes
420 4431 573 4522 priorem
591 4425 763 4501 habitum.
816 4430 867 4500 lta
885 4457 1029 4523 prorsus
1047 4435 1104 4504 in-

114 4536 347 4624 telligendum
370 4549 421 4604 est
444 4532 655 4601 vocabulum
677 4537 742 4624 τῆς
762 4528 961 4629 ἁρμονίας,
995 4537 1024 4605 si
1047 4561 1104 4606 re-

115 4637 259 4704 tineuda
284 4651 336 4706 est
360 4632 445 4705 baec
468 4635 594 4719 lectio,
620 4658 709 4726 quae
731 4637 837 4706 etiam
858 4635 896 4705 in
912 4637 1103 4710 Aristotele

114 4752 220 4833 extat,
247 4739 275 4805 si
292 4762 375 4805 vero
392 4738 475 4805 satis
489 4759 610 4827 graece
628 4751 743 4825 posset
758 4738 840 4822 dici,
865 4733 1104 4835 ὃυσαρμονία

114 4862 181 4931 pro
204 4831 274 4909 δύο
295 4834 497 4931 ἁρμονίας,
527 4838 677 4926 legerem
701 4832 976 4932 ἁασαρμονίας,
1003 4845 1103 4935 quasi

116 4941 229 5023 dicat,
264 4940 354 5008 sicut
383 4940 602 5033 sesquitertia
631 4938 722 5009 ratio
745 4941 981 5028 diatessaron,
1013 4968 1104 5036 quae

115 5057 167 5113 est
190 5043 305 5130 imago
325 5041 477 5131 optimae
497 5039 731 5132 Reipublicae
754 5056 876 5127 aucta,
909 5048 1102 5115 secundum

116 5145 261 5213 ternarii
292 5144 560 5235 perlectionem,
611 5166 684 5211 uon
718 5145 884 5235 producit
914 5146 1104 5221 retinentia

116 5271 198 5314 suae
228 5245 377 5335 originis
407 5244 533 5313 iustam
566 5240 789 5315 harmoniam
820 5260 853 5316 ct
883 5250 1104 5338 suavitatem,

116 5350 177 5416 sed
200 5371 305 5438 puras
331 5360 432 5440 putas
453 5336 707 5418 dissonantias:
742 5345 793 5419 lta
816 5362 851 5419 et
873 5353 1007 5443 optima
1030 5376 1103 5424 res-

1158 366 1299 460 publica
1323 391 1405 435 cum
1422 366 1581 457 pervenit
1598 364 1641 433 ad
1663 362 1849 455 perlectam
1866 362 1921 432 sui
1939 361 2150 447 auctionem,

1158 466 1230 537 noo
1246 470 1373 539 retinet
1388 492 1492 537 suum
1508 466 1707 537 naturalem
1720 480 1861 550 statum,
1886 469 1932 534 ab
1946 465 2058 534 initio
2068 460 2149 534 oon'·

1158 572 1341 656 stitutum,
1382 573 1443 640 sed
1474 591 1616 662 prorsus
1649 570 1825 637 contraria
1857 567 2062 659 producit,
2090 566 2146 635 d'e

1158 674 1328 742 struentia
1347 667 1569 740 harmoniam
1586 669 1715 762 ipsius,
1739 693 1867 760 nempe
1883 670 1979 759 leges
1992 679 2029 738 et
2043 680 2144 738 tonn

1158 775 1299 865 imperii
1319 773 1488 857 formam,
1513 796 1576 865 per
1599 767 1820 840 harmoniam
1844 771 1941 839 enim
1964 767 2143 862 praecipue

1156 874 1343 946 Platonem
1366 876 1556 967 depingere
1578 875 1670 963 leges
1688 870 1913 964 Rerumpnb.
1935 871 2045 941 facile
2068 894 2141 941 cor·

1158 990 1226 1047 stat
1250 1002 1290 1046 cx
1306 976 1509 1047 Aristotelis
1531 976 1685 1045 sectione
1708 975 1941 1044 decimanona
1957 974 2078 1066 probl.
2092 972 2141 1047 28·

1156 1075 1345 1148 Caeterum
1365 1104 1445 1148 cum
1469 1078 1590 1147 omnia
1613 1077 1823 1168 exemplaria
1845 1078 1964 1167 legant
1985 1068 2062 1148 aldo
2085 1071 2140 1169 dp.-
2170 1118 2173 1123 ·

1156 1176 1307 1271 μανίας,
1334 1204 1398 1250 nec
1420 1182 1564 1263 usitata,
1590 1179 1663 1247 imo
1684 1179 1871 1248 durissima
1894 1178 1939 1248 sit
1957 1178 2138 1269 appellatio

1157 1278 1413 1375 ἁυσαρμονία,
1442 1282 1654 1352 retineamus
1667 1281 1833 1350 usitatam
1848 1279 2055 1352 lectionem.
2100 1274 2139 1349 ΕΛ

1157 1388 1263 1453 credo
1280 1380 1371 1453 hanc
1386 1384 1560 1453 veriorem
1575 1405 1668 1465 esse,
1694 1406 1739 1451 eo
1749 1384 1843 1475 quod
1860 1379 1967 1451 Plato
1983 1380 2139 1449 marianas

1159 1484 1663 1577 rerumpub.dissipationeset
1672 1484 1899 1553 confusiones
1909 1481 2140 1573 solueritpist·

1157 1612 1238 1677 gece
1253 1588 1392 1656 dualms
1406 1587 1557 1656 maxime
1574 1585 1772 1674 insignibus
1785 1585 2038 1669 dissonantiis‚
2064 1606 2140 1678 quae

1158 1692 1196 1759 in
1221 1685 1286 1759 hac
1308 1689 1546 1780 triplicatione
1563 1688 1713 1756 latentm
1730 1686 2140 1756 dulcisono'diatessscott

1157 1794 1339 1875 accedunt,
1357 1804 1546 1884 manetque
1561 1790 1635 1881 ipsa
1646 1788 1841 1858 similitudo
1853 1787 2044 1858 illustrior.
2066 1785 2140 1857 Per·

1157 1896 1287 1964 tineret
1308 1908 1486 1985 praeterea
1510 1894 1553 1960 ad
1576 1890 1846 1980 explicationem
1868 1890 2036 1959 vocabuli
2057 1887 2140 1958 Han

1158 1996 1314 2075 mouiae,
1339 1994 1500 2065 ‹lebstitio
1521 1993 1597 2062 eius
1616 1988 1868 2085 Pythagorica,
1893 2014 1976 2060 cum
1997 1994 2140 2084 quadan

1158 2096 1401 2189 explicatione.
1460 2094 1548 2164 ltem
1569 2093 1706 2163 erudita
1731 2092 1926 2184 disputatio
1949 2094 1994 2160 de
2020 2093 2140 2161 funda·

1157 2213 1276 2267 mento
1305 2192 1659 2285 concordantiarum,
1702 2196 1832 2288 quibus
1862 2205 2018 2263 utuntur
2047 2188 2140 2263 hodie

1156 2315 1318 2368 cantores
1337 2300 1375 2367 iu
1398 2310 1674 2388 contrapuncto,
1706 2310 1745 2366 ut
1771 2307 1913 2365 vocant:
1949 2296 2140 2387 quomodo·

1155 2426 1224 2495 que
1236 2402 1329 2471 -illae
1350 2402 1447 2491 ipsae
1465 2397 1689 2469 consentiant
1705 2422 1783 2466 cum
1803 2391 2004 2465 harmoniis
2020 2390 2139 2491 Pytha·

1156 2504 1321 2591 ganisis..
1363 2501 1471 2586 ltem,
1512 2526 1558 2570 an
1588 2524 1629 2569 ex
1659 2498 1920 2568 concordantiis
1953 2515 2140 2579 cantorum,

1156 2606 1301 2697 quidam
1332 2619 1425 2675 recte
1453 2602 1686 2682 concludant,
1725 2600 1954 2671 Diatessaron
1979 2620 2058 2669 non
2079 2620 2139 2667 esse

1155 2702 1401 2776 Harmoniam.
1452 2704 1522 2776 Sed
1539 2700 1605 2773 boc
1621 2704 1699 2772 loco
1715 2697 1878 2770 habenda
1892 2713 1947 2771 est
1961 2700 2138 2771 ratiobte·

1158 2809 1285 2878 vitatis.
1341 2806 1425 2877 ideo
1444 2802 1511 2876 hoc
1528 2807 1649 2875 labore
1664 2805 1917 2896 supersedebo,
1945 2800 2137 2893 praesertin

1156 2934 1235 2978 cum
1258 2904 1342 2978 haec
1365 2913 1514 2977 maxima
1537 2932 1578 2975 ex
1601 2924 1698 2995 parte
1716 2906 1849 2996 possint
1865 2904 1937 2995 peti
1954 2927 1995 2972 ex
2012 2902 2136 2973 Musica

1156 3008 1291 3090 Boetii,
1318 3025 1378 3080 aut
1400 3009 1632 3095 stapulensis.
1685 3006 1868 3077 Postremo
1891 3006 2006 3094 igitur
2024 3004 2062 3072 ln
2083 3000 2135 3072 boc

1157 3111 1253 3180 dicto
1284 3112 1444 3182 Platonis
1464 3109 1677 3200 'l'ciplicatio
1708 3109 1930 3198 intelligatur
1954 3130 2015 3189 ea,
2045 3124 2134 3199 qnare

1156 3214 1263 3303 vulgo
1278 3213 1536 3284 cubicationem
1552 3212 1746 3283 vocamun'
1781 3209 1883 3280 Sicut
1895 3209 1990 3277 inira
2007 3204 2134 3289 inficit·

1156 3316 1300 3387 metrica
1321 3313 1565 3407 progressione
1581 3312 1757 3393 Platonis,
1780 3312 1958 3382 sursolida
1976 3306 2134 3398 multipli-

1156 3417 1248 3486 catio
1271 3416 1455 3509 utriusque
1477 3415 1616 3484 numeri
1638 3412 1663 3484 4
1685 3428 1718 3483 et
1741 3416 1766 3483 8
1787 3413 1858 3482 diei
1873 3411 2132 3505 potestquintu·

1158 3518 1312 3608 plicatio.
1364 3516 1418 3588 Eo
1435 3518 1530 3586 enim
1547 3519 1652 3586 modo
1666 3515 1886 3609 sesquitertia
1902 3512 1995 3584 ratio
2010 3511 2131 3581 Disce·

1156 3642 1262 3687 saron
1286 3621 1475 3712 quinquies
1498 3620 1643 3688 additur
1665 3635 1698 3688 et
1720 3618 1952 3687 constituitur
1972 3610 2133 3703 tisanae
2176 3616 2178 3664 ἵ

1156 3745 1241 3805 suu,
1268 3744 1347 3790 cum
1366 3722 1553 3790 semitonio
1574 3721 1732 3805 naissore,
1755 3721 1878 3801 idest,
1903 3715 2131 3791 decimanus.
2175 3696 2178 3769 l

1156 3846 1245 3914 quae
1267 3824 1514 3912 conplectitur
1531 3837 1718 3914 utramque
1732 3819 1992 3893 dissonantiam
2012 3813 2131 3909 potitis
2174 3816 2178 3871 ¹

1155 3929 1406 3995 destruentem.
1460 3922 1543 3993 ldeo
1561 3923 1661 3992 Plato
1682 3938 1849 4016 tanquam
1871 3921 1909 3988 iu
1927 3920 2078 3990 termino
2091 3910 2129 3981 ibi
2173 3926 2178 3971 ¹

1156 4026 1335 4111 consistit,
1361 4042 1397 4096 et
1416 4025 1552 4115 colligit
1574 4049 1689 4095 annos
1710 4026 1820 4094 totius
1835 4013 2129 4116 progressiones
2172 4029 2178 4075 t

1155 4128 1291 4197 arunte
1307 4154 1368 4199 seu
1388 4128 1563 4219 principio
1581 4128 1737 4219 politiae.
2173 4106 2178 4179 l

1207 4293 1549 4366 Semiditonuscum
1567 4292 1758 4384 Diapente.
1830 4287 1863 4362 A
1939 4291 1964 4361 8
2032 4288 2061 4361 C

1243 4393 1278 4447 64
1363 4395 1400 4450 48
1485 4399 1520 4448 38
1608 4391 1645 4447 27
2149 4402 2156 4415 “

1218 4479 1307 4651 κ
1521 4475 1674 4776 s
1843 4386 2043 4851 N

1307 4654 1369 4774 Χ
1422 4797 1491 4850 1728
2175 4738 2178 4783 l

1206 4865 1387 4959 Diapason
1403 4892 1484 4937 cum
1501 4864 1739 4939 Semiditono.
1847 4862 1878 4936 D
2033 4864 2064 4939 B

1259 5052 1353 5123 llaec
1376 5053 1497 5123 omnia
1520 5067 1559 5123 ut
1575 5049 1838 5141 intelligantur,
1865 5051 1910 5122 sit
1923 5055 2135 5146 quadrantu-

1157 5153 1230 5221 lum
1253 5178 1314 5225 seu
1331 5150 1491 5249 πυθμὴν
1507 5153 1540 5226 Α
1556 5153 1586 5224 Β
1605 5151 1864 5248 sesquitertius,
1889 5150 1961 5225 boc
1975 5169 2031 5227 est
2044 5154 2134 5226 laten

1157 5252 1235 5327 AC
1258 5273 1291 5327 et
1314 5254 1413 5342 AD,
1439 5254 1603 5328 siveDB
1627 5272 1661 5327 et
1688 5251 1783 5336 BC,
1809 5280 1885 5325 eam
1911 5257 2010 5328 inter
2030 5248 2136 5328 seha·

1156 5357 1263 5432 beant
1288 5360 1473 5435 rationem.
1538 5356 1731 5448 Quantitas
1751 5370 1870 5429 autem
1893 5358 2045 5432 illorum
2063 5352 2136 5431 latt-
