4546 5760
115 166 193 247 sas
708 169 1130 265 Quausraouas
1156 171 1556 262 scansuros-r.
2071 188 2144 268 acc

116 370 233 442 neque
247 347 487 432 invocandus,
503 359 545 417 ut
559 346 780 418 intercessor.
824 345 1103 438 Maiorempro-
1155 353 1322 445 pliciom,
1348 357 1453 428 etiarn
1478 353 1553 430 bac·
1568 363 1683 432 torma
1706 318 1839 437 utitur:
1881 363 1955 436 Fili
1975 361 2143 438 Dei-Do-

119 453 186 537 bo,
210 450 296 544 quia
310 445 501 519 ‘Dominus
520 449 596 540 ipse
618 449 752 542 inquit:
779 447 860 518 Non
884 451 966 520 dico
989 452 1103 534 vobis,
1156 455 1254 527 mine
1273 455 1353 529 lesu
1366 454 1528 544 Christe,
1556 462 1723 557 Tepeto‚
1748 481 1790 539 ut
1807 480 1904 560 petas
1918 468 1983 559 pro
1998 492 2080 557 mc,
2103 486 2142 544 οι

120 554 218 649 quod
234 576 297 643 ego
309 566 497 641 rogaturus
514 551 581 621 sim
590 550 730 621 Patrem
748 576 813 641 pro
830 552 945 624 vobis.
981 552 1101 623 Passio

121 670 262 728 tantum
284 656 329 723 ad
349 668 488 745 tempus
508 650 721 726 humilitatis
736 654 899 744 pertinet.
951 652 1017 725 Est
1038 680 1103 725 au-

121 773 193 830 tem
217 757 406 828 coniuncta
426 755 629 826 intercessio
654 779 733 824 cum
757 755 929 845 passione.
982 756 1103 846 Quare

120 872 259 932 tantu'm
277 862 320 929 ad
339 873 477 949 tempus
493 853 705 927 humilitatis
723 859 905 930 referatur.
968 864 972 868 '

223 961 318 1032 Haec
333 961 488 1053 speciose
502 960 672 1030 dicuntur
686 982 705 1027 a
723 961 949 1053 quibusdam.

225 1064 294 1135 Sed
328 1063 513 1133 manifeste
544 1061 747 1133 testimonia
773 1076 858 1133 sunt
879 1064 926 1160 inq
939 1057 1100 1153 Epistola

32 1254 34 1258 Ι
120 1170 167 1240 ad
192 1163 397 1249 Romanos,
422 1177 458 1235 et
480 1165 519 1233 in
542 1160 704 1255 Epistola
722 1166 770 1234 ad
796 1160 973 1250 Euneos,
1004 1166 1099 1256 quod

120 1267 285 1342 Christus
294 1291 390 1337 nunc
404 1291 548 1360 quoque
565 1290 630 1357 pro
646 1267 750 1334 nobis
766 1267 971 1340 intercedat.
1000 1265 1101 1355 Qua-

118 1398 157 1444 re
185 1372 250 1442 etsi
274 1369 390 1462 passio
412 1382 463 1438 est
485 1369 570 1439 certi
587 1369 775 1461 temporis,
802 1384 919 1438 tamen
944 1370 1098 1440 olflcium

119 1472 365 1546 intercedendi
379 1471 447 1555 suit
461 1485 542 1541 ante
560 1487 776 1563 assumptam
792 1484 953 1541 naturam
972 1469 1099 1541 huma-

118 1601 222 1656 nam,
249 1588 283 1645 et
304 1598 401 1643 nunc
423 1587 553 1644 manet.
605 1573 696 1643 Nam
725 1574 764 1641 in
785 1572 927 1644 Psalmo
950 1575 1099 1645 dicitur:

116 1678 285 1762 Postula,
312 1690 348 1746 et
371 1677 464 1745 daho
489 1676 557 1746 tibi
576 1691 698 1764 gentes
717 1671 969 1746 haereditatem
989 1690 1099 1746 tuam.

47 1819 54 1828 ·
116 1779 166 1853 Et
181 1782 225 1850 ad
240 1778 424 1851 Romanos
438 1779 586 1848 dicitur:
615 1774 679 1851 Est
694 1780 737 1846 ad
755 1780 912 1848 dextram
930 1779 1020 1864 Dei,
1035 1780 1098 1872 qui

117 1899 152 1957 ct
175 1882 380 1974 interpellat
400 1905 465 1972 pro
486 1880 601 1950 nobis.
653 1877 701 1950 Et
720 1882 764 1949 ad
778 1874 936 1951 Ebraeos
951 1882 1096 1952 dicitur:

86 1977 91 1997 ’
118 1988 266 2076 Semper
283 1983 407 2053 vivens
421 1996 459 2052 ut
472 1982 666 2053 intercedat
682 2007 746 2073 pro
767 1982 827 2057 eis.
879 1981 976 2054 Haec
997 1983 1097 2054 testi·-

116 2089 237 2161 monia
254 2111 334 2157 cum
355 2086 427 2158 sint
446 2085 650 2177 perspicua,
671 2085 904 2173 ,manifestum
923 2101 992 2172 est,
1018 2087 1096 2159 olli-

116 2193 212 2264 cium
239 2189 481 2259 intercessoris
505 2211 581 2257 non
597 2188 757 2258 desiisse.
815 2186 888 2259 Nec
916 2191 1012 2281 apud
1036 2186 1096 2258 lo-

115 2289 272 2365 hannem
288 2291 407 2382 iuquit
420 2286 616 2361 Dominus:
642 2288 725 2362 Non
748 2291 881 2381 rogaho
905 2315 969 2383 pro
980 2291 1099 2376 vobis,

114 2398 195 2468 scd:
215 2418 304 2473 ,non
326 2388 395 2463 hoc
418 2393 519 2477 dico,
544 2417 601 2462 me
623 2407 829 2483 rogaturum
854 2416 938 2465 esse.
990 2392 1096 2464 Fate-

115 2514 176 2570 tur
199 2507 236 2567 'se
263 2510 470 2585 rogaturum
494 2518 582 2583 esse;
621 2510 662 2565 ut
681 2495 751 2565 alio
775 2497 853 2565 loco
876 2496 979 2566 dicit:
1018 2492 1097 2567 Ro-

115 2602 206 2693 gabo
222 2623 287 2689 pro
304 2599 406 2668 vobis
421 2596 583 2676 Patrem,
617 2611 652 2667 et
673 2599 775 2668 dabit
794 2599 896 2668 vobis
920 2597 1095 2690 Spiritum

23 2738 27 2743 ·
114 2702 342 2796 paracletum.
394 2697 464 2770 Sed
481 2694 541 2769 hic
556 2700 719 2779 affirmat,
744 2699 890 2769 sealiud
907 2701 1097 2771 adiunctu-

116 2829 198 2876 rum
215 2826 306 2887 csse,
332 2803 428 2895 quod
446 2825 523 2871 non
547 2815 663 2893 potest
682 2801 759 2870 beri
781 2802 827 2872 ab
842 2801 925 2873 ullis
941 2797 1099 2871 homini-

117 2910 202 2986 bus,
236 2905 395 2998 quinon
420 2918 557 2975 norunt
580 2901 828 2993 Evangelium.
888 2902 967 2974 Hoc
1000 2904 1097 2974 enim

117 3008 296 3098 adiungit:
324 3004 399 3077 Vos
416 3007 583 3094 orabitis,
605 3030 683 3076 non
699 3032 755 3076 me
770 3006 932 3087 excluso,
958 3009 1019 3076 sed
1041 3032 1098 3077 me

115 3124 326 3204 praeeunte,
360 3123 401 3179 ut
423 3131 584 3180 summus
600 3107 772 3180 Sacerdos
796 3122 847 3178 cst
873 3107 1040 3204 ἔξαρχος,
1064 3123 1099 3180 et

117 3208 262 3283 inchoat
276 3212 533 3303 precationem,
557 3205 686 3280 chorus
709 3234 809 3282 suam
832 3235 954 3281 vocem
969 3211 1099 3283 adiun-

117 3317 179 3407 git.
232 3313 367 3384 Vcrum
384 3325 435 3383 est
451 3314 577 3403 igitur,
603 3313 716 3382 lilium
738 3328 891 3406 utroque
906 3314 1020 3409 'modo
1040 3316 1098 3383 in·

117 3418 317 3487 vocandum
341 3439 435 3500 esse,
473 3431 508 3486 et
537 3430 577 3486 ut
597 3413 712 3485 Deum
738 3419 897 3487 datorem
920 3416 1097 3487 bonorum

119 3543 200 3590 cum
216 3516 322 3587 Patre
338 3531 372 3588 et
388 3515 526 3608 Spiritu
550 3532 691 3604 sancto,
713 3535 747 3591 et
762 3532 802 3590 ut
821 3519 1097 3593 intercessorem.

117 3620 209 3692 Cum
224 3622 263 3690 lit
278 3620 503 3710 compellatio
527 3622 569 3690 ad
586 3620 721 3704 Deum,
747 3645 885 3713 semper
909 3644 1009 3689 mens
1024 3622 1097 3690 dis-

118 3735 238 3793 cernat
261 3720 522 3790 invocationem
544 3715 783 3792 Christianam
807 3724 851 3790 ab
866 3717 1039 3809 Ethnica,
1065 3736 1101 3793 et

117 3823 215 3895 hunc
238 3847 360 3893 verum
384 3819 499 3891 Deum
523 3825 744 3915 alloquatur,
786 3825 848 3918 qni
877 3847 913 3892 se
938 3825 1101 3914 patefecit

117 3929 228 3996 misso
250 3923 345 3994 Filio
370 3938 404 3995 ct
430 3922 567 4017 Spiritu
591 3938 733 4011 sancto,
770 3940 804 3996 et
839 3950 918 3996 com
942 3924 1035 3995 Filio
1066 3941 1099 3997 et

120 4028 259 4120 Spiritu
275 4041 393 4098 sancto
411 4027 530 4096 omnia
547 4027 718 4100 condidit.
765 4025 905 4097 Deinde
920 4028 1026 4097 simul
1042 4054 1100 4098 co·

121 4134 207 4222 gitet
220 4153 340 4216 mens,
364 4131 522 4201 exaudiri
541 4144 682 4200 nostros
696 4129 846 4220 gemitus
863 4145 1008 4222 propter
1018 4128 1098 4201 Me-

121 4235 314 4317 diatorem,
340 4245 375 4302 et
400 4227 497 4302 hunc
513 4231 647 4301 Filium
670 4233 852 4302 intueatur
873 4233 943 4301 iam
968 4246 1007 4302 ut
1028 4234 1101 4302 fra-

119 4351 210 4407 trem
226 4348 260 4405 ct
273 4358 451 4407 summum
467 4332 712 4415 Sacerdotem,
740 4335 923 4425 adsumpta
946 4329 1101 4404 humana

120 4453 261 4508 natura.
317 4434 415 4506 llaec
439 4438 552 4506 forma
574 4436 788 4527 precationis
807 4437 934 4507 usitata
959 4450 1011 4507 est
1031 4432 1101 4506 Ec-

120 4539 261 4609 clesiae:
289 4533 529 4630 Omnipotens
540 4537 655 4619 Deus,
680 4553 820 4610 aeterne
837 4536 941 4609 Pater
953 4535 1102 4609 Domini

122 4642 237 4711 nostri
253 4641 333 4710 lesu
352 4637 507 4725 Christi,
531 4653 667 4711 creator
689 4642 776 4710 coeli
794 4654 827 4710 et
850 4654 962 4710 terrac
984 4635 1101 4711 et-ho-

121 4743 286 4827 minum,
311 4767 383 4811 una
400 4768 480 4814 cum
495 4743 569 4812 lilio
585 4757 664 4828 tuo,
688 4757 720 4812 ct
737 4741 874 4833 Spiritu
890 4756 1030 4828 sancto,
1046 4765 1102 4813 sa-

122 4847 244 4938 piens,
270 4867 393 4931 verax,
420 4849 531 4930 bone,
561 4846 670 4930 iuste,
697 4858 808 4928 caste,
841 4844 966 4929 iudex,
996 4845 1102 4914 mise-

123 4950 257 5034 ricors,
282 4947 385 5015 dator
409 4951 519 5031 vitae,
555 4948 660 5038 legis,
684 4947 838 5016 salvator
861 4960 896 5016 et
917 4947 1103 5017 resuscita-

122 5065 198 5132 tor,
238 5047 404 5118 miserere
443 5050 556 5119 nostri
590 5062 737 5142 propter
770 5047 887 5118 lesum
921 5043 1103 5120 Christum

124 5154 237 5223 lilium
259 5165 381 5235 tuum,
414 5151 619 5223 crucifixum
644 5176 709 5242 pro
732 5150 838 5221 nobis
860 5163 895 5220 et
918 5152 1102 5221 resuscita-

122 5269 218 5334 tum,
242 5277 348 5348 quem
364 5253 506 5324 voluisti
523 5276 596 5323 csse
618 5278 683 5345 pro
699 5255 803 5324 nobis
817 5251 1016 5334 victimam,
1040 5248 1105 5325 καὶ

116 5351 294 5449 μεσίτην,
320 5352 385 5428 καὶ
407 5353 542 5448 initae.
595 5351 794 5450 Cyprianus
826 5355 988 5427 aditurus
1019 5377 1105 5449 sup-

1156 555 1246 629 mihi
1262 563 1383 646 detur,
1408 577 1471 636 atc
1551 620 1555 627 .

1204 849 1213 866 ·
1236 745 1313 821 Hac
1328 763 1426 822 tanta
1439 754 1484 822 de
1501 776 1539 821 re
1554 754 1672 826 doceri
1690 782 1758 829 noa
1772 759 1875 831 valde
1890 760 2012 831 refert.
2040 724 2140 850 Quid

1155 874 1250 919 emm
1274 854 1387 943 magis
1410 856 1646 928 necessarium
1670 874 1740 939 est,
1781 886 1887 954 quam
1918 876 2014 933 recte
2038 863 2140 934 invo-

1147 977 1232 1049 care
1248 951 1390 1025 Deum?
1441 955 1561 1046 Quare
1581 973 1634 1045 te,
1657 959 1870 1035 Reverende
1887 961 2046 1035 Domine
2066 962 2140 1036 Do·

1155 1070 1230 1126 ctor
1245 1048 1382 1141 Paule,
1409 1084 1492 1144 oro,
1518 1074 1558 1130 ut
1572 1057 1664 1133 hanc
1681 1069 1959 1137 controversiam
1978 1068 2088 1158 plane
2107 1082 2140 1139 et

1153 1160 1335 1251 perspicue
1352 1162 1536 1235 diiudices.
1581 1161 1660 1236 Oro
1676 1181 1792 1238 autem
1809 1167 1942 1239 Filium
1959 1167 2054 1256 Dei,
2079 1195 2139 1241 cu·

1153 1259 1520 1351 stodamdcctastaa,
1554 1282 1595 1340 ut
1621 1293 1687 1338 nos
1714 1272 1855 1352 doceat,
1885 1274 2081 1363 gubernet,
2108 1287 2139 1344 et

1154 1379 1323 1456 protegat.
1373 1366 1470 1438 Dixi.

2002 1670 2010 1691 ἱ

1149 1778 1320 1905 Q

1884 1799 1931 1862 13.
1946 1799 2031 1883 Aug.
2043 1804 2137 1867 1556.

1913 1892 2127 1932 Μ

1219 1993 1251 2050 1ο
1268 1994 1428 2066 Quaestion.
1441 2014 1468 2068 p.
1479 1997 1554 2053 1⁴62
1576 2015 1603 2067 q.
1641 1997 1709 2057 lllal.
1723 2001 1830 2057 consil.
1848 2002 1879 2056 Ρ.
1893 2002 1927 2063 ll.
1948 2020 1977 2072 p.
1988 2005 2051 2065 tto.
2067 2021 2092 2063 et
2109 2011 2136 2065 io

1251 2067 1308 2120 Sel.
1328 2065 1454 2148 Declam.
1474 2067 1508 2121 Τ.
1530 2068 1581 2147 Ι..
1602 2087 1627 2137 p.
1650 2070 1713 2123 876.
1749 2068 1875 2125 llicbard.
1902 2075 1938 2128 T.
1958 2073 2009 2135 lll.
2030 2097 2058 2149 p.
2079 2083 2137 2136 515.

1252 2133 1386 2204 Quaestio
1399 2145 1425 2188 et
1445 2153 1588 2207 responsio
1607 2135 1688 2191 simol
1710 2139 1782 2192 edita
1797 2151 1837 2194 est
1851 2160 1915 2195 cum
1930 2147 2059 2203 oratioue
2079 2149 2137 2204 De·

1251 2206 1317 2259 cani
1333 2202 1437 2259 Bartol.
1452 2205 1548 2258 lasani
1562 2206 1591 2258 in
1604 2208 1780 2278 promotione
1793 2210 1995 2283 Magistrorurn
2015 2235 2040 2271 a
2060 2221 2137 2278 1⁶56.

1195 2284 1199 2292 '
1253 2273 1315 2328 vid.
1329 2273 1400 2328 inira
1413 2273 1557 2330 Declamat
1580 2294 1627 2333 no.
1643 2277 1701 2333 149.

1150 2458 1322 2544 Quaestio
1355 2456 1526 2525 recitato
1559 2475 1583 2525 o
1609 2456 1662 2526 Μ.
1689 2454 1914 2555 Philippo
1940 2468 2136 2544 Bocha-

1249 2578 1364 2639 mer,
1391 2556 1587 2648 Hellensi,
1614 2555 2035 2661 d.13.Au9·on.1556.

1148 2699 1313 2782 Intuenti
1335 2700 1426 2804 mihi
1458 2706 1497 2774 in
1526 2700 1623 2775 hunc
1654 2709 1941 2784 doctissimorum
1974 2720 2135 2793 virorum

1150 2823 1307 2893 coetum,
1341 2832 1474 2901 oraque
1505 2823 1791 2899 praeceptorum,
1831 2816 1977 2906 pietate,
2013 2829 2135 2895 erudi-

1150 2915 1267 2996 tione,
1308 2911 1510 3002 virtuteque
1545 2912 1811 2998 excellentium,
1850 2922 2007 3008 prolecto
2041 2929 2135 2998 oculi

1150 3028 1345 3096 terrentur,
1379 3025 1415 3082 et
1439 3013 1581 3081 animus
1604 3008 1910 3091 vehementissime
1934 3049 2146 3100 commove·

1151 3134 1220 3190 tur.
1269 3115 1353 3185 Non
1371 3115 1465 3184 enim
1481 3127 1596 3206 potest
1610 3123 1831 3189 verecundus
1847 3125 2053 3200 adolescens
2076 3133 2133 3202 in·

1151 3237 1205 3293 ter
1223 3219 1381 3289 seniores
1394 3218 1470 3285 sine
1484 3230 1581 3288 metu
1597 3219 1724 3292 dicere.
1775 3222 1846 3293 Sed
1869 3251 1950 3297 cum
1973 3247 2078 3304 vetus
2101 3251 2136 3307 et

1151 3319 1398 3395 honestissima
1431 3322 1649 3390 consuetudo
1682 3320 1884 3395 scholarum
1914 3333 2019 3404 vobis
2051 3353 2133 3408 nota

1151 3427 1217 3511 sit,
1243 3448 1325 3507 oro,
1349 3445 1486 3491 nemeo
1502 3422 1652 3492 consilio
1671 3449 1746 3511 me,
1772 3429 1924 3498 oblitum
1951 3439 2078 3508 aetatis
2103 3455 2135 3511 et

1152 3527 1292 3610 decori,
1318 3524 1507 3625 sumpsisse
1523 3519 1612 3593 mihi
1630 3519 1694 3594 has
1708 3544 1824 3621 partes
1847 3534 1990 3606 dicendi
2016 3543 2135 3612 existi-

1153 3631 1272 3707 metis,
1298 3628 1360 3696 sed
1377 3627 1574 3696 necessitati
1599 3629 1717 3719 potius
1734 3646 1768 3702 et
1784 3652 2056 3728 praeceptorum
2073 3671 2136 3716 vo-

1152 3731 1280 3801 lontati
1304 3730 1574 3820 obtemperasse.
1626 3728 1716 3799 Nam
1749 3734 1785 3802 in
1818 3739 1917 3807 omni
1951 3743 2025 3814 vita
2062 3771 2134 3818 non

1154 3835 1271 3904 minor
1287 3834 1363 3903 laus
1385 3844 1435 3901 est
1454 3833 1546 3915 visa,
1567 3833 1719 3922 publicis
1742 3836 1914 3910 institutis
1935 3869 1975 3913 ac
1998 3847 2135 3938 legibus

1153 3960 1294 4029 parere,
1326 3959 1432 4029 quam
1458 3934 1659 4004 eruditione
1681 3938 1862 4010 excellere.
1915 3942 2023 4033 Quod
2055 3976 2135 4023 cum

1152 4038 1259 4111 sciam
1285 4062 1347 4109 vos
1368 4060 1510 4130 quoque
1539 4037 1635 4105 viros
1664 4041 1817 4129 optimos
1843 4059 1875 4115 et
1909 4052 2136 4134 gravissimos

1152 4143 1301 4224 sentire,
1336 4163 1439 4230 spero
1469 4162 1530 4207 vos
1555 4139 1743 4210 consilium
1776 4169 1893 4216 meum
1923 4155 2136 4240 probaturos

1153 4266 1244 4324 esse,
1282 4245 1375 4337 quod
1411 4240 1671 4311 laudatissimae
1706 4239 1857 4317 Scholae
1885 4261 2137 4330 consuetudini

1153 4346 1470 4433 obtemperandum
1486 4365 1561 4412 esse
1575 4345 1673 4416 duxi.
1723 4343 1772 4417 Et
1787 4374 1994 4447 quanquam
2017 4360 2057 4430 in
2073 4385 2136 4432 au·

1154 4448 1293 4517 diendis
1315 4445 1525 4528 iuvenibus,
1551 4460 1589 4515 ut
1607 4451 1784 4519 crescendi
1808 4457 1907 4544 copia
1925 4458 1991 4545 sit,
2013 4466 2137 4558 aequi-

1154 4563 1258 4621 tatem
1273 4549 1462 4619 maximam
1485 4550 1685 4638 praestatis,
1711 4564 1829 4623 tamen
1855 4572 1894 4627 ut
1917 4583 1972 4630 me
1994 4568 2137 4654 potissi-

1154 4677 1271 4735 mum,
1297 4666 1426 4723 natura
1448 4650 1633 4730 timidum,
1667 4654 1836 4749 nullaque
1853 4660 2058 4754 eloquentia
2079 4672 2136 4739 in·

1154 4767 1345 4834 structum,
1378 4754 1553 4844 patienter
1589 4755 1760 4835 audiatis,
1802 4784 1865 4829 vos
1895 4765 2003 4836 etiam
2032 4787 2137 4865 atque

1155 4856 1260 4927 etiam
1275 4879 1349 4927 oro.
1401 4853 1542 4923 Faciam
1561 4856 1674 4942 enim,
1694 4859 1830 4930 etiamsi
1853 4856 2011 4939 novitate
2032 4897 2138 4965 arga-

1154 4959 1263 5028 mcnti
1282 4958 1418 5050 placere
1440 4971 1676 5067 non‘potero,
1699 4974 1739 5040 ut
1761 4980 1905 5058 pmptar
1928 4971 2155 5047 brevitatem.

1155 5062 1274 5131 minus
1291 5063 1427 5149 ingrata
1443 5060 1488 5130 sit
1502 5059 1630 5130 oratio.

1256 5247 1428 5337 Propono
1449 5261 1565 5319 autem
1583 5250 1824 5341 quaestionem
1839 5256 1883 5332 de
1903 5258 2003 5331 dicto
2023 5261 2137 5351 Pauli,

1155 5353 1250 5446 quod
1269 5350 1393 5420 utilem
1419 5374 1459 5421 ac
1486 5352 1716 5423 necessariam
1734 5356 1933 5429 doctrinam
1959 5369 2138 5441 contium
