4546 5760
84 178 120 256 b
528 177 838 273 ALLOQUIA
862 179 938 257 ΕΤ
969 172 1201 255 BREVES
1232 170 1585 255 cormones:
1997 186 2073 264 926

84 353 224 485 Q
864 356 1037 426 an.1.‘›34.
1086 351 1206 421 animo
1229 365 1324 443 opto.
1377 350 1468 449 Nam
1491 377 1562 448 quo
1581 353 1691 445 magis
1712 354 1813 425 illum
1835 373 1980 449 propter
1999 363 2073 430 exi-

856 450 1030 480 NON

672 496 674 501 -
1085 453 1193 523 miam
1210 454 1320 545 ipsius
1336 455 1531 525 bonitatem
1547 459 1681 537 amavi,
1700 481 1741 527 eo
1758 471 1790 527 et
1807 472 1841 528 te
1855 459 1967 551 magis
1982 487 2073 550 amo,

112 550 186 623 i&
199 550 299 618 scepta
313 551 403 610 Mi
413 549 597 606 Mbcattmi.
609 548 688 606 &5¹³⁸
704 553 761 608 ΝΟ·
774 550 872 609 ffll·
1085 578 1125 625 ac
1145 578 1271 646 precor
1290 556 1457 625 omnibus
1472 558 1581 637 votis,
1608 571 1650 629 ut
1665 552 1828 629 Christus
1851 573 1883 630 te
1905 562 2019 634 serve‘t
2039 578 2074 635 et

84 708 297 811 bilippua
327 681 606 784 Melontbon
637 710 690 782 od
717 710 958 785 scholasticos
992 716 1035 783 in
1085 655 1687 849 ῗέξίῗέῗὲὤξζᾛίτὲξέἓὲἮ
1706 660 1870 753 ²¹⁰⁸Pi⁰35⁸
1891 664 1961 736 [¹¹3⁸
1987 659 2072 736 hm

85 862 111 871 ··
235 817 537 887 *emmaum
548 817 634 887 ”⁰⁰⁸⁰
651 817 831 888 mmm·
1136 854 1489 959 AdScltolaslicos.]
1527 862 1599 932 Vos
1613 888 1755 957 quoque
1768 863 1993 936 scholasticos
2009 870 2073 937 ad-

84 951 178 1054 uper
191 959 393 1047 audivistis,
420 963 515 1056 quod
531 958 683 1031 faustum
696 961 873 1055 ioclisque
888 959 952 1040 sit,
979 982 1036 1029 re-
1085 958 1225 1047 hortor,
1251 975 1291 1032 ut
1313 988 1393 1033 cum
1410 965 1536 1035 videtis
1561 965 1738 1056 principes
1760 964 1855 1035 viros
1878 963 2072 1040 honorilice

84 1062 209 1133 tuciari
228 1062 415 1135 Rectorem
435 1062 610 1134 illustrem
633 1063 828 1154 principem
852 1057 1034 1131 Ioannem
1085 1069 1128 1134 de
1148 1063 1275 1133 studiis
1299 1067 1447 1150 sentir'e,
1472 1068 1630 1157 cogitetis
1645 1066 1746 1136 vobis
1760 1092 1901 1160 quoque
1918 1067 2073 1161 Reipub.

84 1161 607 1249 cautuasaxontaenucem,
626 1161 1036 1254 LandgraviumTurin·
1084 1188 1187 1235 cansa
1218 1169 1330 1256 magis
1363 1168 1531 1237 amandas
1565 1185 1597 1239 et
1630 1169 1795 1238 colendas
1827 1194 1900 1239 esse
1935 1171 2071 1257 literas3

84 1289 121 1337 te
137 1278 172 1336 et
189 1261 434 1336 Marcbionem
451 1264 616 1340 Misniac.
670 1265 789 1355 Quare
803 1279 844 1336 ut
859 1265 1036 1355 intellige·
1083 1267 1277 1358 plurimum
1299 1266 1393 1338 enim
1418 1267 1570 1360 Reipub.
1597 1272 1758 1351 interest,
1792 1272 1907 1363 qualis
1929 1274 1973 1340 ad
1995 1296 2071 1341 eam

86 1381 132 1439 ut
155 1388 278 1438 omnes
301 1389 474 1437 summam
498 1367 803 1439 essevoluntatem
820 1368 932 1458 ipsius
953 1389 1033 1454 erga
1083 1371 1349 1456 gubernandam
1387 1371 1547 1442 doctrina
1581 1373 1758 1443 afferatur.
1822 1369 1872 1444 Et.
1903 1374 2071 1466 quoniam

84 1488 184 1555 eras,
218 1492 314 1537 nunc
336 1469 476 1559 publice
500 1470 657 1540 delatum
683 1465 855 1539 honorem
883 1467 1035 1538 illustris
1083 1471 1251 1561 Princeps
1276 1471 1349 1562 ipse
1371 1468 1617 1542 scholasticum
1637 1473 1881 1562 magistratum
1898 1476 2006 1562 gerit,
2032 1488 2073 1544 ut

84 1570 212 1662 inceps
232 1572 389 1660 accipere
415 1572 578 1642 decrevit.
635 1569 684 1643 Ut
707 1572 856 1665 quisque
879 1570 1034 1663 optimus
1079 1574 1229 1642 'testetur
1243 1595 1278 1641 sc
1294 1568 1429 1642 bonore
1444 1575 1581 1643 afficere
1596 1576 1725 1658 literas,
1752 1597 1814 1645 vos
1828 1600 1969 1668 quoque
1986 1576 2072 1645 dili-

84 1672 210 1764 inceps
233 1673 300 1741 tuit
318 1684 353 1740 et
374 1672 524 1741 maxime
546 1673 708 1743 salutaris
728 1668 886 1741 humano
904 1671 1034 1761 generi,
1081 1675 1220 1762 gentius
1245 1674 1499 1764 obtemperate,
1537 1691 1637 1746 nect
1664 1677 1862 1769 principem
1890 1691 1925 1747 et
1953 1678 2072 1747 literas

84 1769 205 1849 tharac
224 1796 343 1843 curam
361 1774 455 1844 iuter
468 1775 675 1866 praecipuas
691 1773 792 1845 duxit
809 1773 983 1843 excitandi
999 1784 1034 1842 et
1083 1789 1320 1846 contemnere·
1341 1775 1546 1850 videamini.
1601 1776 1724 1846 Vestra
1760 1778 1930 1848 modestia
1966 1778 2071 1850 etiam

84 1875 200 1947 nandi
241 1874 356 1943 studia
396 1875 590 1949 literarum.
650 1874 898 1967 intelligebam
939 1874 1033 1944 enim
1082 1877 1223 1966 augebit
1261 1877 1299 1944 in
1332 1875 1560 1968 Principibus
1593 1882 1749 1949 amorem
1769 1902 1868 1969 erga
1905 1875 2072 1950 honestas

84 1991 218 2050 tantum
238 1975 453 2067 praesidium
480 1991 514 2048 et
537 1990 783 2048 ornamentum
807 1977 851 2048 sit
873 1976 1033 2046 doctrina
1083 1978 1298 2069 disciplinas.

84 2097 142 2153 tte
153 2074 343 2148 humanae.
387 2076 477 2147 Nam
494 2102 608 2172 neque
622 2080 821 2168 religiones,
847 2102 961 2171 neque
977 2077 1034 2145 in-

84 2182 143 2255 icia
170 2183 209 2250 in
237 2179 414 2270 imperiis,
450 2203 564 2273 neque
596 2175 799 2250 humanitas
826 2180 863 2248 in
886 2178 1034 2271 privatis

84 2285 206 2358 oribus
233 2281 308 2348 siue
321 2280 434 2349 literis
449 2282 775 2373 retineripossunt.
818 2281 888 2352 Sed
907 2279 1033 2371 depul—
1097 2314 1166 2389 No·
1185 2316 1244 2389 11·
1880 2322 1933 2402 (m
1961 2326 2072 2406 1534.)

84 2382 168 2459 this
180 2381 324 2465 studiis,
350 2405 489 2450 necesse
511 2400 562 2455 cst
579 2382 814 2452 contaminari
836 2382 1034 2471 religiones,
1088 2412 1261 2442 ww
1891 2376 2065 2446 <em

85 2482 429 2578 issiefffTyfflnnides
445 2484 480 2551 ln
496 2486 700 2576 POlffllibU-‘t
713 2496 746 2552 ei
761 2484 934 2552 infinitam
951 2483 1034 2551 ΜΓ·
1151 2515 1173 2585 †
1190 2515 1227 2567 Er
1240 2512 1425 2570 Miscellaneis
1438 2533 1521 2568 maon
1535 2515 1645 2584 scriptis
1658 2512 1800 2584 Saeptum·
1809 2516 1896 2571 illesic·
1905 2515 1934 2571 in
1947 2516 2072 2575 biblioth.

84 2590 183 2660 triem
208 2584 246 2653 in
268 2585 425 2674 privatis.
477 2583 599 2680 ltaque
619 2609 781 2676 magnam
804 2586 943 2655 laudem
961 2608 1033 2653 me-
1186 2583 1273 2639 0⁰¹h·
1286 2583 1349 2639 ωδ·
1363 2582 1416 2639 No.
1431 2585 1491 2639 2⁴⁰·
1507 2602 1533 2654 Ρ·
1547 2584 1613 2640 ⁷²³·

84 2704 172 2763 ntur
186 2685 300 2758 Duces
317 2684 508 2771 Saxoniae,
534 2712 685 2781 quorum
705 2682 873 2756 hactenus
893 2685 960 2754 luit
972 2701 1034 2752 ex·
1253 2749 1261 2764 ,
1445 2677 1464 2764 ’,
1602 2747 1611 2764 ,
1796 2748 1805 2766 ,

84 2794 179 2865 lleus
200 2791 236 2858 io
261 2788 373 2858 literis
397 2790 538 2858 tuendis
558 2804 661 2882 atque
685 2788 850 2857 iuvandis
865 2786 1033 2856 studium.
1083 2739 1282 2839 Praefam
1307 2750 1399 2815 Μὴ
1424 2741 1722 2864 ἀψωιωηθω
1749 2741 1981 2841 thederpae
2001 2742 2072 2816 Μ’

84 2919 144 2967 aec
160 2889 348 2962 domestica
364 2891 520 2980 exempla
534 2886 722 2960 hortantur
737 2903 772 2960 et
788 2884 883 2958 bunc
898 2886 1033 2957 Ducem
1441 2842 1530 2918 lma·
1583 2847 1632 2915 Φ·
1656 2848 1715 2920 Μ·

84 3016 232 3070 monem
258 2986 480 3076 Ernestam,
517 3004 558 3062 ut
582 2992 651 3061 iam
674 3016 694 3061 a
717 2991 847 3060 teneris
869 2989 979 3059 discat
1001 3002 1034 3058 et
1085 2980 1167 3065 Etsi
1186 3016 1289 3060 nemo
1306 2990 1463 3080 ignorat,
1489 3014 1555 3061 nos
1574 2988 1788 3064 authoritate
1803 3007 2069 3086 praeceptorum

84 3098 263 3186 ¹telligere,
290 3093 383 3185 quod
406 3094 619 3162 necessariae
640 3092 711 3162 sint
725 3091 878 3182 Reipub.
901 3091 1035 3174 literae,
1084 3094 1182 3185 cogi,
1214 3094 1312 3164 utin
1335 3089 1431 3162 hunc
1460 3094 1577 3164 locum
1600 3094 1830 3185 prodeamus,
1862 3090 2072 3168 tamen'hoc

103 3224 163 3273 eas
184 3190 320 3265 honore
335 3193 484 3266 allicere.
536 3190 655 3289 Atque
669 3194 865 3284 optandum
888 3203 962 3260 erat
978 3214 1035 3258 re·
1084 3195 1275 3265 verecundi
1296 3195 1429 3283 ingenii
1446 3208 1514 3279 est,
1540 3209 1657 3287 petere
1673 3220 1693 3266 a
1709 3196 1829 3282 vobis,
1852 3221 1898 3266 ne
1914 3220 2012 3267 secus
2027 3198 2071 3264 de

84 3295 324 3379 ts³bumanis,
347 3289 440 3365 hanc
460 3296 666 3387 opinionem
684 3294 890 3364 instillatam
913 3305 948 3362 et
977 3291 1035 3359 in·
1084 3309 1206 3366 nostro
1227 3296 1375 3365 consilio
1397 3296 1571 3373 iudicetis.
1620 3295 1724 3388 Rogo
1744 3298 1852 3389 igitur
1876 3299 1998 3380 initio,
2024 3319 2071 3366 ne

84 3428 152 3480 tam
166 3420 240 3470 csse
252 3396 418 3468 omnibus
433 3398 654 3488 principibus
666 3397 712 3467 ab
726 3396 872 3466 ineunte
886 3406 1009 3464 aetate.
1084 3423 1141 3467 me
1156 3397 1291 3486 ingenii
1304 3397 1431 3466 fiducia
1454 3399 1512 3466 sed
1532 3398 1647 3468 officio
1661 3401 1852 3470 adductum
1870 3398 2072 3471 existimetis

84 3496 86 3505 '
151 3494 214 3572 Ad
224 3491 462 3596 Principem]
516 3497 601 3569 Tibi
620 3499 738 3591 itaque
756 3495 909 3567 Illustris
933 3495 1035 3586 prin·
1085 3502 1127 3568 ad
1147 3495 1238 3568 banc
1260 3521 1447 3591 personam
1469 3499 1739 3591 suscipiendam.
1790 3500 1882 3570 Nam
1897 3524 1960 3592 ego
1977 3495 2071 3570 hanc

84 3630 132 3703 ps
146 3605 301 3698 primum
317 3613 413 3692 opto,
439 3600 589 3696 otDeus
605 3595 691 3691 Opt.
709 3599 805 3673 Max.
822 3614 857 3671 te
873 3608 1035 3695 servet-et
1085 3600 1131 3670 ob
1144 3623 1281 3670 causam
1297 3598 1436 3670 facilius
1451 3599 1556 3671 etiam
1572 3624 1707 3670 morem
1730 3602 1818 3691 gessi
1835 3601 2071 3693 praeceptori·
2110 3659 2112 3662 Α

84 3708 219 3783 incedat
234 3701 320 3787 tibi,
346 3716 386 3775 ut
408 3702 563 3793 patrium
587 3699 762 3772 Ducatum
787 3700 960 3770 foeliciter
982 3710 1031 3768 te·
1085 3704 1169 3785 bus,
1194 3715 1235 3773 ut
1255 3700 1511 3791 intelligerent,
1534 3725 1592 3770 me
1615 3702 1778 3772 lubenter
1793 3702 1953 3773 conferre
1968 3701 2072 3796 ‚quasi

84 3835 133 3884 ess
155 3821 190 3879 et
212 3827 321 3894 regas.
380 3801 491 3895 quue
513 3827 589 3874 mea
614 3827 698 3872 voce
720 3816 814 3872 totus
838 3797 896 3870 hic
917 3813 1036 3869 coetus
1084 3802 1280 3896 symbolam
1307 3805 1350 3871 ad
1378 3803 1668 3873 consuetudinem
1697 3803 1903 3895 disputandi
1931 3826 2072 3874 conser-

84 3907 344 3986 octissimorum
375 3918 479 3998 atque
509 3905 723 3996 optimorum
760 3903 916 3971 virorum
948 3898 1036 3968 lllu·
1084 3907 1248 3989 vandam,
1273 3905 1368 3997 quod
1384 3904 1520 3974 utinam
1537 3905 1691 3993 facerent
1704 3904 1808 3974 etiam
1821 3905 1949 3998 reliqui
1967 3899 2072 3974 scho-

84 4013 223 4091 rlssimo
255 4006 410 4098 principi
439 4008 537 4076 fratri
574 4019 656 4086 tuo,
692 4018 725 4074 et
759 4003 823 4073 tibi
860 4016 1034 4095 precatur.
1086 4004 1216 4076 lastici!
1246 4005 1394 4096 Sacpius
1410 4007 1718 4076 animandiremus
1735 4028 1793 4074 eos
1806 4006 2013 4078 disserentes
2027 4006 2072 4074 de

84 4117 188 4190 node
209 4109 278 4181 tibi
295 4108 424 4198 gratias
440 4132 522 4199 ago,
547 4110 642 4202 quod
667 4119 825 4196 suscepto
843 4101 909 4175 hoc
933 4098 1036 4173 scho·
1085 4107 1191 4175 rcbus
1204 4106 1366 4175 maximis
1382 4118 1417 4178 et
1439 4106 1606 4176 advitam
1627 4107 1844 4188 utilissimis,
1871 4130 1936 4177 nos
1952 4107 1989 4175 in
2005 4100 2072 4174 hac

84 4219 172 4290 atico
197 4207 334 4282 bonore
358 4208 643 4280 benevolentiam
676 4221 773 4277 tuam
805 4230 886 4297 erga
920 4205 1034 4274 studia
1084 4208 1203 4279 sabula
1219 4221 1358 4278 nostras
1373 4221 1489 4301 partes
1503 4231 1576 4277 non
1592 4220 1663 4279 tam
1680 4205 1860 4279 fastidiose
1875 4208 2071 4299 suscipere-

84 4320 228 4400 eclaras,
254 4326 359 4405 teque
380 4311 526 4396 iterum,
552 4311 645 4404 quod
663 4310 837 4393 faustum,
859 4308 1035 4398 foelixque
1086 4332 1173 4379 mus.
1231 4305 1383 4395 Errant,
1418 4310 1536 4403 inquit
1567 4309 1775 4379 muliercula
1808 4311 1846 4379 in
1877 4307 2070 4390 comoedia,

84 4437 115 4510 t,
136 4418 325 4491 Rectorem
346 4409 451 4483 huius
468 4409 677 4482 Academiae
700 4411 889 4494 reuuncio,
914 4434 953 4478 nc
969 4408 1035 4479 tibi
1085 4410 1293 4505 quiinvitos
1311 4434 1413 4480 canes
1429 4413 1473 4480 ad
1491 4413 1692 4481 venandum
1708 4413 1853 4484 ducunt.
1896 4409 2070 4482 ltaetiam

84 4547 151 4616 gna
163 4517 387 4608 magistratus
400 4517 501 4584 trado
515 4527 549 4583 et
570 4509 654 4583 haec
669 4527 788 4582 nostra
806 4511 921 4581 studia
939 4535 1036 4578 com-
1085 4525 1324 4603 praeceptores
1338 4511 1508 4601 gravatim
1525 4511 1724 4602 disputant,
1748 4525 1933 4605 postquam
1949 4512 2071 4583 vident

84 4627 193 4698 endo.
242 4617 324 4690 Erit
351 4617 444 4685 enim
476 4616 541 4687 tibi
574 4611 808 4684 honorificum
836 4627 869 4682 te
894 4635 1035 4705 quoque
1085 4638 1150 4682 rios
1176 4636 1277 4703 aegre
1302 4614 1446 4704 perpelli
1475 4637 1593 4705 posse,
1616 4627 1656 4684 ut
1670 4628 1832 4684 nostrum
1848 4613 2003 4684 officium
2018 4614 2070 4682 la-

84 4737 256 4824 quentem
272 4718 510 4790 laudatissima
525 4704 679 4807 exempla
701 4716 875 4785 maiorum
891 4726 1034 4782 tuorum
1085 4715 1228 4788 ciamus.
1279 4711 1356 4805 Ego
1377 4716 1496 4807 itaque
1517 4738 1630 4785 meam
1654 4714 1692 4783 iu
1714 4709 1779 4783 bac
1799 4738 1837 4784 re
1866 4715 2069 4784 facilitatem

84 4854 169 4903 nare
194 4838 229 4897 et
251 4822 410 4891 venerari
435 4821 617 4890 literarum
645 4819 773 4891 studia.
825 4813 1035 4899 Meministi,
1085 4816 1135 4885 eis
1155 4839 1366 4906 magnopere
1380 4815 1658 4906 volui'probari.
1711 4813 1861 4886 Interest
1880 4816 1976 4885 enim
2000 4814 2071 4885 rei-

84 4956 156 5007 sam
177 4924 307 4998 fuerim
330 4923 463 5013 optimo
486 4922 639 5011 principi
656 4921 746 5011 patri
765 4934 825 4988 tuo
840 4915 1034 4990 familiaris.
1085 4919 1245 5009 publicae
1261 4917 1460 4988 conservari
1476 4917 1681 5008 disputandi
1696 4941 1840 5001 morem,
1865 4917 2068 5009 praesertim

84 5057 173 5128 aque
198 5053 271 5098 non
297 5026 421 5095 dttbito
444 5037 477 5092 te
501 5023 637 5114 paterni
662 5022 811 5111 exempli
833 5022 1034 5089 admouere.
1085 5044 1163 5088 cum
1183 5020 1221 5087 in
1237 5013 1292 5087 bis
1312 5020 1563 5089 certaminibus
1582 5041 1637 5087 res
1658 5019 1811 5110 optimae
1827 5032 1931 5112 atquc
1951 5017 2070 5088 utilis-

85 5148 165 5214 rant
187 5134 226 5201 in
251 5154 292 5200 eo
315 5152 394 5197 cum
411 5127 499 5193 aliae
514 5125 661 5193 virtutes
679 5125 774 5192 bono
798 5133 831 5191 et
853 5122 1033 5188 moderato
1084 5122 1192 5189 simae
1214 5134 1247 5191 et
1268 5121 1415 5209 agitatae
1434 5135 1468 5189 et
1491 5120 1680 5211 explicatae
1696 5120 1776 5192 siut.
1830 5117 2088 5210 inofficiosum,
2143 5131 2146 5135 ’

84 5235 211 5329 :incipe
231 5234 377 5323 dignae,
403 5241 478 5296 tum
497 5225 622 5295 eximia
646 5226 815 5316 quaedam
838 5222 1033 5292 reverentia
1085 5236 1200 5292 autem
1216 5236 1278 5308 est,
1305 5246 1383 5290 cum
1401 5222 1569 5290 maximas
1585 5221 1752 5291 utilitates
1768 5216 1853 5290 binc
1870 5221 2070 5291 auferamus

84 5366 131 5434 ga
153 5339 284 5410 literas.
335 5328 441 5400 Hunc
462 5344 502 5399 ut
520 5326 693 5397 foeliciter
712 5326 877 5413 imiteris,
901 5323 969 5418 tibi
994 5349 1035 5394 ex
1083 5324 1243 5419 plerique
1256 5345 1389 5409 omnes,
1415 5348 1488 5392 uon
1505 5324 1664 5393 conferre
1677 5323 1830 5393 vicissim
1845 5343 2007 5416 operam,
2031 5328 2106 5394 ut¹
