4546 5760
644 1506 1580 1626 PRAEMONENBA.

979 1824 1208 1833 ’.μ-Μ..-

94 2161 527 2306 Absolutislllelanthunis
558 2202 705 2285 epistulis
736 2210 770 2265 et
791 2200 985 2264 carminibus
1006 2199 1070 2263 iarn
1091 2196 1313 2282 progredimur
1335 2199 1377 2262 ad
1400 2201 1547 2264 eiusdem
1570 2203 1752 2288 melanes,
1787 2227 1870 2288 quac
1892 2213 2020 2296 quidem
2044 2224 2123 2284 varii

94 2310 166 2364 sunt
190 2311 332 2378 genens.

225 2406 369 2474 Primum
399 2407 482 2467 enim
510 2405 668 2468 habemus
697 2400 896 2486 quaestiones
924 2399 1144 2475 academicae,
1181 2420 1202 2463 a
1224 2402 1437 2464 Melanthone
1458 2403 1666 2468 scholasticis
1697 2406 1737 2468 ad
1758 2411 1956 2476 recitandum
1980 2419 2112 2486 traditas

96 2501 169 2563 llos
192 2505 262 2558 erat
287 2496 316 2554 in
338 2489 533 2569 Academia,
564 2499 599 2552 ut
626 2489 666 2550 iis
690 2489 744 2569 qui
766 2487 901 2570 gradum
924 2485 1090 2550 doctorum
1119 2496 1285 2569 peterent,
1313 2488 1570 2566 ascholastieo‚
1603 2502 1705 2573 saepe
1725 2511 1824 2572 puero
1847 2497 1907 2578 (ec
1929 2503 2013 2565 enim
2033 2471 2123 2569 tem-'

97 2604 171 2668 pore
195 2581 286 2665 pueri
308 2596 437 2662 quoque
463 2578 493 2637 in
517 2573 694 2637 Academia
716 2574 817 2634 literis
841 2591 972 2655 operam
995 2571 1134 2653 dabant]
1157 2575 1304 2652 quaestio
1326 2585 1576 2655 proponeretur,
1609 2575 1768 2658 adquam
1797 2592 1853 2643 aut
1882 2592 2121 2665 promovendus

98 2674 183 2753 ipse,
218 2677 274 2729 aut
302 2669 398 2725 ctiam
426 2661 570 2723 Praeses
598 2659 823 2740 disputationis
852 2656 1078 2740 respondebat.
1129 2657 1306 2720 Praeterea
1333 2661 1396 2720 iam
1424 2679 1508 2722 anno
1533 2659 1626 2723 1525.
1648 2664 1828 2729 Academia
1856 2669 1965 2752 legem
1993 2677 2111 2742 tulerat

100 2768 154 2838 ,ut
176 2750 315 2833 singulis
336 2749 503 2810 mensibus
525 2743 793 2807 declamaretur'’.
840 2742 915 2806 Vid.
938 2743 1030 2826 epist.
1050 2741 1125 2805 Vol.
1149 2745 1172 2803 Ι.
1195 2763 1225 2823 p.
1238 2741 1313 2805 737.
1365 2741 1493 2822 Quanta
1520 2745 1624 2808 iudicii
1651 2750 1827 2815 subtilitate
1849 2754 2040 2823 blelanthon
2063 2728 2121 2826 ιμ’

100 2849 248 2922 qumema
270 2835 495 2915 quaestionum
518 2831 671 2912 elegerit,
706 2848 761 2891 res
788 2830 860 2910 ipsa
882 2827 995 2909 docet,
1024 2846 1120 2909 quum
1143 2830 1354 2908 quaestiones
1384 2831 1598 2912 gravissimas
1620 2849 1723 2913 saepe
1745 2855 1799 2898 res
1823 2849 1978 2924 tractent,
2009 2861 2120 2912 nostra

100 2942 221 3007 quoquc
244 2930 352 2984 aetate
374 2918 459 2980 omni
481 2916 737 2979 consideratione
760 2912 885 2996 dignas.

221 3033 368 3102 Secundo
391 3035 463 3097 loco
485 3034 651 3115 posuimus
674 3029 783 3095 bracae
806 3029 970 3095 conscience
992 3029 1214 3117 exlcathedra
1234 3027 1363 3091 habitas
1370 3074 1381 3110 ,
1413 3031 1444 3090 in
1467 3030 1735 3112 disputationibus
1758 3037 1911 3123 publicis,
1940 3062 2023 3123 quae
2046 3061 2123 3113 suna

102 3127 147 3188 rel
177 3123 334 3202 alloquia,
364 3120 418 3180 vel
446 3121 618 3201 petitiones
640 3117 680 3180 ad
704 3117 874 3196 Decanos,
907 3116 960 3177 vel
983 3117 1157 3197 gratiarum
1180 3115 1344 3196 actiones,
1379 3115 1433 3176 vel
1455 3116 1573 3178 breves
1595 3117 1742 3183 {lectoris
1764 3123 1964 3188 Academiae
1985 3136 2120 3195 concio.

102 3228 155 3273 nes
179 3211 309 3272 habitae
330 3207 383 3266 vel
406 3214 482 3266 ante
504 3206 558 3265 vel
581 3213 655 3284 post
677 3203 849 3270 lectionem
872 3201 980 3281 legum
1005 3198 1214 3262 Academiae.
1258 3199 1425 3262 Eiusmodi
1447 3204 1619 3264 conciones
1642 3205 1760 3268 multas
1783 3212 1913 3290 scripsit
1929 3212 2120 3281 Melanthea

101 3308 130 3358 et
149 3293 357 3358 scholasticis
381 3301 414 3352 et
435 3289 638 3367 doctoribus,
667 3288 842 3369 praecipue
865 3286 1084 3366 Principibus,
1114 3285 1295 3347 comitibus
1318 3296 1352 3347 et
1373 3283 1546 3347 Nobilibus
1572 3290 1653 3349 inter
1676 3291 1912 3374 scholasticos,
1941 3300 2056 3378 quibus
2078 3323 2122 3365 ex

97 3396 182 3444 more
213 3380 298 3441 illius
327 3376 479 3456 temporis
508 3391 655 3436 summus
683 3375 893 3454 magistratus
919 3373 949 3431 in
972 3369 1149 3432 Academia
1178 3370 1308 3431 honoris
1337 3388 1438 3431 causa
1467 3388 1567 3452 saepe
1598 3373 1790 3438 tradebatur.
1813 3412 1855 3425 -
1898 3381 2040 3447 Adiunxi
2070 3389 2121 3451 his

95 3467 300 3532 concionibus
319 3463 415 3524 ctiam
437 3462 530 3543 leges
553 3478 580 3521 s.
603 3469 726 3521 statuta
747 3456 945 3519 Academiae
968 3456 1222 3521 ablelanthone
1244 3457 1373 3536 scripta.

225 3578 335 3643 Tertio
366 3580 437 3640 loco
466 3576 562 3659 posui
589 3571 840 3638 declamationes
871 3574 999 3656 publice
1027 3574 1197 3653 recitatas,
1231 3573 1253 3634 i.
1277 3591 1305 3632 e.
1329 3572 1491 3635 orationes
1514 3571 1720 3657 prolixiores,
1749 3594 1832 3657 quas
1853 3578 2043 3645 Melantbun
2066 3564 2121 3649 vel

94 3666 163 3749 lpse
187 3666 351 3732 recitavit,
388 3662 441 3723 vel
470 3663 541 3723 aliis
564 3661 746 3723 hominibus
768 3658 919 3736 eruditis,
948 3660 1043 3733 etiam
1066 3657 1265 3719 Academiae
1288 3656 1472 3720 doctoribus
1493 3657 1675 3720 recitandas
1696 3661 1841 3739 tradidit,
1870 3676 1903 3727 et
1926 3686 1989 3727 nun
2012 3672 2120 3734 solum

94 3751 275 3835 Pheologis
298 3759 331 3810 et
354 3747 581 3829 Philosophis,
612 3745 789 3808 sedetiam
814 3744 1075 3823 luriscorrsultis,
1103 3741 1258 3825 Medicis,
1280 3742 1537 3825 Mathematicis,
1569 3761 1632 3804 non
1655 3745 1758 3807 solum
1780 3747 1811 3807 in
1833 3749 2012 3815 Academia
2036 3757 2118 3818 Wi-

94 3838 299 3922 lebergensi,
326 3831 386 3906 sed
416 3833 514 3894 ctiam
543 3833 573 3892 in
602 3832 672 3893 aliis
695 3831 892 3893 Academiis.
942 3829 1031 3891 Vera
1053 3829 1137 3890 enim
1160 3839 1253 3910 sunt,
1288 3847 1372 3911 quac
1394 3825 1594 3890 Lnrrrentine
1616 3826 1797 3892 erdccicne
1821 3831 1901 3897 dixit
1922 3840 1953 3898 in
1977 3841 2120 3904 oratione

94 3918 135 3992 de
157 3924 308 4004 Philippo
329 3917 420 4000 Mel,
442 3935 526 3998 quae
548 3919 668 3979 inserta
689 3927 741 3980 est
763 3915 924 3979 hudcvici
946 3915 1140 3989 orationibus
1163 3915 1205 3977 de
1225 3914 1358 3978 Veteris
1381 3914 1553 3977 Ecclesiae
1576 3915 1802 3979 certaminibus
1824 3939 1855 4000 p.
1870 3919 1954 3984 474:

178 4038 333 4121 „Publice
356 4035 530 4111 recitanda,
552 4037 765 4116 proponenda,
794 4031 982 4112 disputanda
1004 4031 1090 4092 solus
1114 4029 1168 4092 ille
1192 4030 1329 4109 scripsit.
1373 4027 1510 4113 collegis
1533 4030 1630 4091 multa
1653 4032 1869 4114 praescripsit,
1894 4056 1991 4119 neque
2013 4041 2043 4100 id
2067 4044 2121 4102 do.

179 4137 244 4208 „etr
267 4136 295 4186 et
319 4123 377 4201 ipsi
401 4123 459 4183 riri
483 4131 570 4198 turpe
593 4119 651 4179 sibi
676 4128 830 4197 putarunt.
873 4117 914 4181 D.
937 4116 1116 4197 Zieglcrus,
1146 4116 1261 4177 nobilis
1284 4117 1408 4193 linguae
1429 4116 1516 4178 hebr.
1543 4115 1717 4194 professor,
1748 4119 1859 4196 Lipsia
1881 4141 1974 4202 saepe
1996 4127 2120 4188 venien,

178 4214 414 4292 ‚,l'itebergarn,
449 4207 556 4285 petivit
585 4204 644 4265 sibi
675 4205 819 4266 lectiones
849 4212 878 4264 et
908 4202 1062 4265 orationes
1094 4201 1281 4280 praescribi,
1317 4211 1345 4262 et
1371 4201 1467 4264 musei
1490 4199 1608 4263 laribus
1631 4203 1762 4284 assedit,
1792 4225 1830 4266 ne
1852 4208 1918 4285 quis
1941 4210 2122 4274 scribonem

179 4294 426 4379 „irrterpellaret
471 4293 508 4353 D.
532 4288 695 4369 crucigero
720 4288 919 4369 praescripsit
941 4289 1198 4351 Commentariun
1222 4290 1253 4349 ln
1277 4287 1439 4350 iohannem
1463 4286 1495 4348 in
1517 4288 1646 4349 lectione
1669 4288 1768 4369 ipsius
1787 4291 1930 4371 Lntheri,
1953 4295 2124 4361 Froesehe.

180 4385 246 4465 „lio
268 4384 394 4445 diacono
416 4376 449 4436 in
473 4376 675 4441 Matthaeum.
719 4376 757 4437 D.
773 4374 932 4454 Milichie,
959 4376 1024 4435 viro
1049 4373 1313 4454 praestantissimo
1335 4373 1368 4434 in
1390 4375 1555 4436 secandam
1578 4372 1679 4437 Plinii.
1721 4376 2012 4457 Ghylraecregulas
2033 4384 2122 4449 vitae,

179 4467 320 4548 „Sabino
350 4461 556 4542 mythologice
586 4462 618 4522 in
648 4460 879 4539 metamorphos.
904 4459 1015 4523 Ovidii.
1060 4462 1097 4522 D.
1120 4459 1266 4540 Klingio,
1297 4459 1532 4546 Iurisconsulto,
1561 4460 1636 4520 inris
1658 4461 1836 4526 methodum.
1893 4465 2125 4533 consessionem

178 4559 414 4636 „augustanam
429 4566 570 4631 graecam
586 4547 723 4611 Dolscin.
756 4545 917 4608 Orationes
932 4547 1035 4609 multis
1050 4547 1081 4610 in
1096 4547 1253 4611 academia
1264 4544 1408 4626 Lipsiae,
1429 4545 1707 4626 Francolortianc,
1730 4547 1959 4631 Rostochiana,
1983 4552 2124 4636 Gryphs-

178 4642 367 4720 „saldiana
412 4636 492 4699 ariis
515 4631 874 4696 aliainnnmerabilia''.
1712 4669 1714 4672 ,

99 4763 193 4827 llaec
222 4758 394 4821 verissime
424 4754 509 4816 dicta
538 4770 618 4815 esso
646 4772 688 4815 ex
718 4750 865 4831 epistolis
887 4747 1108 4811 Melanthonis
1138 4749 1225 4814 clare
1246 4748 1449 4832 perspicitur.
1502 4750 1621 4831 Neque
1644 4752 1728 4812 enim
1752 4750 1942 4818 lllelnnthon
1966 4759 2070 4821 solum
2092 4763 2125 4822 in
2207 4814 2211 4821 ,

100 4851 198 4912 rebus
221 4843 416 4925 theologicis
439 4841 556 4903 doctus
579 4848 665 4920 erat,
693 4835 754 4898 sed
777 4839 873 4900 etiam
896 4834 980 4896 bene
1002 4845 1154 4898 versatus
1182 4838 1214 4898 in
1236 4835 1507 4919 lurisprudentia,
1535 4834 1715 4913 Medicina,
1744 4835 1905 4918 Physica,
1934 4841 2124 4907 Mathema-

97 4938 181 5009 rlca,
214 4946 394 5013 quanquam
417 4946 436 4988 a
459 4945 539 4987 vero
568 4944 631 4986 non
655 4923 827 4987 abhorrere
851 4919 996 5002 videtur,
1024 4922 1053 4982 si
1075 4922 1315 4999 existimamus,
1347 4920 1507 4984 interdum
1529 4920 1774 4984 Melanthcnem
1797 4942 1817 4984 a
1838 4924 1993 5003 Medicis,
2023 4928 2126 4992 luris.

96 5017 274 5092 consultis,
297 5011 536 5078 Mathematieis
558 5018 748 5093 argumenta
770 5008 950 5072 orationum
972 5007 1150 5089 perscripta
1168 5007 1359 5090 accepisse,
1385 5017 1422 5087 ut
1445 5026 1485 5070 ea
1507 5007 1638 5070 uberius
1661 5007 1844 5071 elaboraret
1865 5021 1902 5075 et
1924 5010 2026 5076 forma
2048 5033 2126 5076 ora·

95 5106 178 5170 toria
198 5102 343 5164 induerit.

172 5261 175 5265 -
224 5217 344 5298 Neque
374 5211 517 5276 offendat
544 5211 684 5293 aliquam
713 5225 852 5291 magnus
881 5227 1035 5272 numerus
1057 5207 1216 5271 eiusmodi
1238 5207 1428 5274 orationum.
1481 5207 1557 5271 Non
1579 5209 1685 5272 solum
1710 5209 1796 5271 enim
1818 5212 1849 5272 in
1872 5214 2131 5293 promotionibus

96 5310 266 5374 docturum
298 5300 516 5375 habebantur,
551 5295 612 5359 sed
639 5296 715 5378 lege
746 5295 862 5376 etiarn,
889 5304 926 5356 ut
949 5294 1014 5357 iam
1041 5294 1200 5379 diximus,
1231 5297 1467 5379 praescriptum
1490 5304 1576 5377 erat,
1604 5304 1640 5359 ut
1662 5295 1799 5378 singulis
1820 5297 1991 5365 mensibus
2016 5301 2134 5367 decla·

1524 5385 1600 5456 48*
