4546 5760
692 188 1271 286 ornumornum.
1552 283 1561 301 f
1766 133 1841 291 ·
1916 191 1996 273 sss

94 398 135 451 n
149 373 213 451 has
228 402 367 472 semper
382 378 466 450 vicit
482 366 638 459 ratione,
666 396 906 472 necunquam
1008 363 1165 441 Notitiae
1181 390 1342 439 mansere
1356 382 1494 455 tamen,
1521 370 1684 464 legesque
1702 382 1871 457 severac',·
1962 379 1966 387 “

94 472 151 553 ica
166 482 266 551 civili
281 483 428 575 pretulit
436 474 474 572 *)
496 505 593 552 arma
610 494 721 570 togae.
767 564 775 575 ·
1058 467 1170 542 Recte
1182 471 1357 541 sactorum
1376 472 1495 561 regula
1508 486 1549 543 ut
1564 495 1637 542 esse
1651 486 1799 566 queant,

94 582 197 655 'elices
209 584 349 654 >animas
366 598 400 656 re
415 579 558 654 Christe
573 606 759 675 precamur
1005 565 1057 641 Et·
1069 596 1115 643 ne
1132 597 1196 645 ceu
1210 574 1385 667 pecudum
1400 574 1446 645 sit
1460 574 1531 645 rita
1549 573 1626 645 sine
1641 574 1768 644 ordine
1782 589 1915 662 nostra,

94 708 133 757 ur
146 709 269 757 manes
282 698 323 758 ut
338 698 459 757 tueare
474 685 563 779 pios.
1056 672 1123 745 llis
1139 689 1280 746 externa
1295 672 1392 745 Deus
1407 675 1486 746 vult
1498 676 1606 745 modo
1623 678 1782 746 membra
1796 678 1882 768 regi.

1006 772 1055 847 Ut
1074 801 1277 872 quanquam
1295 777 1406 847 iratus
1420 777 1576 866 gladium
1590 777 1786 868 stringebat
1802 773 1979 865 Achilles,

381 856 541 944 ῨἏῙῙΨῙ·
1056 877 1135 968 lpse
1154 894 1272 973 tamen
1286 878 1450 972 reprimit
1464 903 1544 950 cum
1557 880 1696 951 ratione
1709 904 1848 957 manus.

94 986 144 1081 pis
161 982 221 1057 hic
239 989 398 1059 tumulus
414 988 558 1058 loannis
575 984 733 1057 continet
750 1008 829 1056 ossa
1004 976 1060 1049 Ex
1074 974 1131 1050 his
1149 980 1286 1051 notitiis
1303 980 1434 1052 divinis
1450 974 1536 1051 haec
1551 1005 1693 1076 quoque
1713 981 1817 1054 lluxit

94 1090 310 1183 ltrauquilla
325 1091 394 1163 tuit
410 1089 549 1162 Saxona
568 1103 660 1159 terra
674 1087 786 1160 Duce.
1055 1080 1247 1168 Doctrina,
1273 1096 1325 1154 est
1342 1082 1408 1152 ista
1426 1106 1515 1177 quae
1529 1083 1673 1154 recitata
1689 1083 1795 1154 libro.

94 1204 265 1264 reserves
281 1192 437 1262 animam
453 1207 504 1278 te,
524 1185 683 1277 Christe,
708 1212 905 1283 precamur,
1006 1176 1049 1250 ln
1065 1209 1137 1276 quo
1153 1185 1325 1255 virtutum
1344 1185 1489 1276 prodest
1502 1184 1690 1257 simulacra
1706 1185 1847 1272 videre,

94 1318 106 1365 ι
120 1296 272 1365 verbum
290 1297 400 1366 coluit
413 1319 493 1364 cum
509 1294 638 1387 pietate
656 1305 771 1367 tuum.
1056 1283 1187 1373 Qualia
1201 1311 1302 1357 mens
1315 1281 1471 1356 hominis
1486 1287 1631 1380 pingere
1645 1287 1747 1357 docta
1761 1302 1887 1387 potest.

294 1394 298 1401 '
1004 1382 1073 1456 Sed
1091 1387 1154 1458 Sol
1168 1388 1324 1461 iustitiae
1341 1388 1461 1458 radios
1478 1389 1516 1458 in
1532 1402 1673 1481 pectora
1690 1406 1876 1482 spargens,

1054 1482 1218 1561 Christus
1232 1504 1267 1562 et
1280 1489 1487 1560 adsimilem
1505 1515 1570 1561 nos
1586 1491 1656 1562 sibi
1669 1493 1747 1562 lucc
1763 1515 1838 1566 sua.
1967 1490 1973 1498 ’

1004 1587 1184 1661 Virtutem
1199 1592 1358 1663 accendit
1372 1592 1574 1679 meliorem,
1599 1592 1716 1665 nescia
1732 1594 1871 1674 mortis,

94 1661 144 1791 ἐξ,
748 1663 815 1780 (ως
829 1657 955 1740 ΜΡ)
1052 1690 1154 1780 Quae
1170 1693 1259 1766 vivit
1272 1694 1359 1766 flatu
1380 1719 1454 1765 non
1468 1695 1640 1765 moriente
1656 1692 1736 1767 Dei.

94 1850 115 1907 d
132 1851 165 1903 v,
319 1850 368 1906 ¹⁸4
1002 1788 1070 1861 His
1086 1792 1195 1884 igitur
1210 1797 1349 1889 scriptis
1365 1795 1561 1866 doctrinam
1580 1797 1766 1887 adiungito
1781 1789 1936 1878 Christi,

157 1861 261 1908 'm'
278 1870 305 1925 μ
369 1891 377 1909 ’
429 1930 433 1939 -
1055 1892 1103 1967 Ut
1118 1896 1242 1967 vivens
1259 1899 1298 1968 in
1313 1910 1347 1972 te
1362 1896 1408 1969 sit
1420 1890 1529 1997 λόγος
1545 1899 1619 1991 ipsc
1636 1896 1715 1972 Dei.

94 2009 211 2085 Mum
237 2010 414 2085 mannae
432 2004 492 2082 M
493 2019 739 2114 arqors’tae
762 2015 951 2095 Daciam

357 2120 565 2192 Saronico.

94 2264 142 2334 iae
165 2262 323 2335 Domino
338 2279 411 2335 sata
429 2264 623 2355 Margarita
641 2262 793 2351 loanne,
1001 2294 1067 2369 No·
1082 2296 1166 2371 113⁰
1699 2307 1729 2367 (q
1742 2303 1765 2367 4
1791 2301 1873 2387 Aug·
1891 2304 1985 2368 1533·

107 2368 246 2436 tumulo
261 2368 399 2458 placida
416 2381 528 2437 morte
543 2367 657 2439 soluta
674 2369 773 2441 iacet.
915 2460 921 2469 ι
1015 2391 1143 2417 Μ
1325 2448 1330 2458 .
1706 2352 1986 2431 ζον-ιν

94 2492 138 2538 un
153 2469 348 2587 puberibus
365 2471 431 2539 tria
449 2471 559 2538 lustra
578 2481 759 2561 peregerat
774 2469 901 2554 annis,
1018 2494 1022 2502 ·
1066 2531 1096 2587 ο
1117 2549 1143 2602 p.
1159 2530 1227 2587 Met.
1241 2528 1411 2586 enimv,
1427 2531 1527 2603 pm
1551 2529 1764 2588 Audvineenr
1786 2528 1919 2603 mul·
1953 2527 1988 2585 m

94 2595 118 2639 [ὓ
131 2572 196 2640 ubl
211 2594 374 2660 minemo
390 2572 459 2640 fala
472 2571 585 2640 [¹¹¹⁶oe
602 2571 672 2646 dle·
1098 2550 1128 2656 ln
1141 2602 1215 2655 libro
1232 2599 1418 2655 Bonineontr.
1429 2570 1510 2674 rlrpra
1524 2549 1644 2656 lauclrto.
1767 2572 1775 2589 .

94 2685 238 2742 ernaret
253 2665 369 2743 adhuc
384 2672 579 2767 primisque
593 2686 801 2745 accresceret
817 2670 934 2755 annis,
994 2749 1003 2757 ,
1406 2734 1410 2744 ,

94 2798 138 2843 ms
152 2775 222 2844 Dei
238 2776 384 2844 verbum
400 2797 544 2843 noscere
561 2798 644 2844 cura
661 2774 741 2846 fuir.
1128 2778 1286 2871 Ecttpsta
1305 2781 1462 2865 Lunae,
1487 2800 1522 2850 (ι
1539 2773 1749 2853 1533414.
1766 2776 1859 2875 Any.

94 2899 223 2946 enetos
240 2878 347 2945 vitam
364 2877 467 2975 duxit
482 2876 558 2945 sine
573 2877 654 2946 labe
669 2900 731 2968 per
744 2898 878 2962 annos,
985 2879 988 2885 '

94 2978 205 3067 generi
220 3002 336 3048 mores
351 2980 484 3068 grande
497 2979 595 3048 luere
612 2981 731 3049 decus.

93 3105 139 3148 rm
156 3081 375 3149 connubium
390 3092 494 3150 norat
509 3081 698 3175 taedasque
714 3080 865 3172 iugales,

107 3195 248 3252 tantum
265 3176 407 3252 Christo
428 3205 512 3251 cura
528 3183 667 3272 placere
681 3185 762 3258 luit.

94 3282 190 3374 gitur
204 3283 332 3353 sanctis
348 3307 437 3377 quae
451 3283 611 3355 moribus
626 3283 702 3376 ipsa
715 3286 858 3377 petebat

95 3384 192 3455 lestis
210 3384 300 3454 vitae
317 3385 445 3475 gaudia
460 3378 601 3455 Christe
619 3387 713 3459 dato.

1001 2941 1080 3013 Nox
1096 2944 1158 3013 ubi
1174 2943 1341 3013 roriferas
1361 2945 1464 3013 terris
1480 2945 1660 3015 induxerit
1671 2945 1836 3024 umbras,

1053 3043 1164 3116 Actus
1179 3059 1213 3114 et
1229 3040 1287 3115 bic
1302 3047 1412 3119 fuerit
1428 3044 1513 3117 Sole
1525 3050 1670 3116 cadente
1685 3047 1772 3119 dies.

1004 3144 1178 3217 lnlectura
1195 3161 1287 3235 teget
1301 3147 1480 3237 ferrugine
1498 3147 1594 3217 Delia
1612 3149 1748 3229 vultus,

1055 3245 1231 3318 Aethereo
1246 3250 1366 3319 fratris
1381 3250 1517 3319 lumina
1527 3245 1561 3341 *)
1579 3273 1671 3319 cassa
1686 3250 1753 3318 sui.

865 3338 876 3370 ⁹
1005 3344 1057 3420 Ac
1073 3350 1170 3441 velut
1185 3363 1343 3418 aeternas
1359 3353 1493 3446 mundo
1508 3351 1641 3421 factura
1658 3352 1822 3421 tenebras

993 3460 998 3471 ‘
1058 3451 1208 3520 locutiet
1223 3450 1364 3541 pavidis
1377 3453 1558 3522 mentibus
1575 3454 1648 3544 ipsa
1663 3465 1816 3532 metum,

1004 3552 1151 3624 Pallori
1174 3575 1220 3620 an
1237 3550 1319 3622 irati
1333 3554 1512 3644 portendit
1526 3553 1685 3622 numinis
1703 3553 1816 3621 iram?

865 3710 874 3721 .
1056 3653 1107 3724 Nc
1123 3678 1290 3744 superum
1306 3678 1416 3724 vanas
1433 3678 1506 3723 esse
1521 3667 1641 3747 putate
1655 3655 1783 3725 minas.

723 3774 727 3781 '
757 3751 823 3830 (en.
842 3751 956 3832 1532)
1007 3756 1089 3828 Non
1102 3757 1211 3847 magis
1228 3752 1283 3825 his
1297 3757 1400 3826 annis
1414 3759 1644 3828 metuendum
1661 3756 1817 3827 vidimus
1831 3757 1948 3827 ullum

667 3943 677 3960 .
738 3846 952 3882 ’Ν
1057 3857 1288 3948 Prodigium,
1311 3859 1388 3929 veri
1400 3859 1515 3930 sidera
1530 3861 1559 3929 si
1576 3860 1661 3953 quid
1678 3855 1822 3933 habent.

94 3944 124 4001 '⁴¹
142 3945 231 4006 vine:
244 3964 271 4020 Ρ·
284 3945 319 4000 ⁷⁸
330 3964 371 4019 ’Ψ
389 3954 416 4002 et
429 3946 458 3999 ⁵¹¹
475 3943 590 4019 ⁸⁶¹¹P¹³⁸
601 3945 704 4018 llll&
717 3946 752 4001 Τ·
768 3946 861 4015 ¹¹¹’'P·
872 3942 932 3999 ²⁶⁸·
1011 3960 1189 4031 lulaustus
1204 3961 1366 4032 tenebras
1383 3975 1512 4052 spectat
1527 3961 1701 4032 Saturnus
1714 3962 1760 4030 ab
1777 3973 1876 4044 ortu,

357 4111 381 4179 Ῑ
417 4103 519 4179 am·
680 4055 686 4059 ’
1058 4058 1104 4131 Et
1118 4061 1222 4131 tacita
1239 4063 1391 4155 populos
1406 4064 1529 4131 fraude
1546 4085 1686 4131 movere
1702 4078 1811 4153 parat.

380 4128 406 4178 n
504 4126 579 4180 ’ω’
1008 4161 1140 4235 Saevus
1159 4165 1204 4234 ab
1220 4160 1403 4235 Euronota
1425 4162 1569 4234 Mavors
1586 4178 1620 4233 te
1632 4158 1787 4260 Cynthia
1805 4179 1934 4243 terret,

94 4276 152 4323 ssu
168 4253 328 4323 volucres
342 4255 449 4324 atomi
464 4255 541 4325 sine
553 4269 671 4327 mente
685 4268 842 4341 ruentes,
1060 4266 1272 4359 lniustisque
1289 4267 1394 4336 armis
1408 4266 1516 4356 impia
1531 4288 1637 4356 regna
1652 4268 1752 4358 petit.

94 4379 128 4426 te
142 4356 267 4425 mundi
281 4358 431 4426 formam
449 4381 666 4448 progenuere
681 4382 824 4452 novam.
1007 4367 1104 4437 Pene
1117 4369 1185 4439 fuit
1201 4369 1326 4437 similis
1342 4367 1441 4438 fatali
1455 4365 1608 4463 Ecttpsis
1624 4369 1662 4436 in
1679 4393 1797 4452 anno,

94 4458 174 4530 ¹¹th
188 4460 248 4527 Sed
268 4481 369 4527 1¹10ssss
383 4459 541 4550 ὅθΡῐθῐὶδ,
564 4460 676 4542 lma,
697 4460 828 4540 libera,
853 4472 958 4539 ⁶2⁸¹&
1058 4469 1140 4560 ero
1156 4470 1280 4538 misera
1296 4470 1420 4540 cecidit
1435 4472 1563 4542 rustica
1578 4472 1682 4540 caede
1697 4465 1837 4538 cohors·

94 4559 159 4630 mia
180 4561 342 4630 miranda
357 4562 516 4631 condidit
532 4575 623 4643 arte,
648 4557 757 4631 Deus.
1007 4569 1080 4640 Nos
1097 4573 1205 4662 igitur
1221 4571 1348 4641 moniti
1365 4572 1474 4662 signis
1490 4598 1590 4641 orare
1605 4572 1791 4657 iubemur,

105 4655 270 4732 homines
287 4676 401 4732 essent
417 4662 559 4732 divinae
581 4663 707 4732 mentis
723 4663 859 4753 imago,
1058 4672 1139 4744 Fiat
1150 4686 1191 4745 ut
1205 4672 1286 4744 irati
1304 4673 1425 4745 mitior
1442 4677 1495 4745 ira
1512 4672 1591 4746 Dei.

94 4765 201 4837 ribuit
214 4765 333 4834 radios
348 4764 438 4834 lucis
454 4761 585 4836 hebere
604 4788 705 4850 suae,

94 4891 144 4949 as,
171 4867 292 4960 quales
307 4867 438 4937 diurno
454 4868 494 4937 in
508 4880 647 4963 pectore
662 4866 795 4953 lucent,

94 4968 177 5039 lidit
191 4984 226 5040 et
244 4969 311 5059 legi
328 4992 480 5060 congrua
495 4971 601 5040 corda
618 4965 719 5055 snae,

98 5071 284 5140 dissidium
300 5073 360 5141 scd
378 5086 501 5143 nostro
515 5070 665 5144 crimine
677 5071 796 5157 venit,

94 5189 186 5247 intur
200 5174 352 5243 flammis
368 5174 438 5243 iam
454 5175 544 5244 mala
561 5176 669 5245 corda
684 5175 793 5266 vagis.

95 5377 145 5416 nc·
161 5318 294 5413 melam
308 5359 438 5427 precedet.

1014 4845 1220 4860 ...σασα-ψ..

1044 4937 1077 5004 2)
1096 4932 1168 4990 Boo.
1186 4945 1212 4987 et
1230 4934 1292 4989 Bas.
1308 4933 1433 4987 lumine.
