4546 5760
108 206 185 287 808
473 186 728 275 SCRIPTA
756 186 835 266 stt
869 179 1069 261 VlTAM
1098 176 1174 255 ΕΤ
1206 178 1446 265 OBITUM
1476 186 1780 271 utentum
2077 184 2155 261 804

110 386 203 457 bret.
253 377 331 451 Hos
348 376 520 452 Doctores
543 371 641 447 Deus
664 393 706 441 es
729 363 861 443 scholis
882 359 1101 443 docentium,
1154 376 1303 445 vocant,
1327 362 1538 452 abdicabat,
1563 365 1665 437 cuins
1690 364 1777 455 legis
1801 364 1978 437 rationem
2005 359 2153 433 Plutar-

109 502 145 559 et
176 483 391 557 discentium
424 480 555 570 scripta
585 466 799 565 Prophetica
827 484 863 543 et
895 463 1103 561 Apostolica
1155 457 1243 535 chus
1267 460 1359 537 hanc
1385 466 1508 553 affert,
1541 467 1596 539 Ne
1624 468 1706 563 quis
1733 467 1892 557 neglecta
1915 462 2153 557 Reipublicae

110 588 230 662 sumit.
1155 590 1240 637 cura
1254 582 1289 639 et
1303 569 1428 651 salute,
1453 570 1602 662 privatis
1615 586 1756 644 tantum
1771 568 1968 641 commodis
1982 568 2152 646 studeret,

1156 682 1191 739 et
1205 693 1289 741 suae
1302 672 1556 766 tranquillitati
1570 676 1781 746 consuleret.

213 785 303 858 Tale
322 803 495 874 organum
514 778 664 847 electum
683 774 788 847 etiam
808 770 869 843 hic
885 784 1007 843 noster
1025 768 1106 854 luit,

112 893 177 990 qui
191 888 460 981 dispositionem
479 894 515 952 et
529 879 692 949 ordinem
709 876 993 967 disputationum
1016 896 1105 963 pau·
1261 872 1345 945 Fuit
1360 888 1477 945 autern
1490 872 1538 949 D.
1552 872 1742 969 Philippus
1760 890 1884 949 natura
1901 875 1982 947 miti
1997 874 2154 967 ingenio,

111 998 267 1067 linarum
288 991 327 1059 in
340 984 513 1079 Epistolis
532 983 577 1051 de
600 980 850 1051 luctificatione
874 976 1024 1069 gratuita
1047 997 1106 1045 so-
1157 976 1338 1047 studiosus
1355 978 1469 1068 pacis,
1490 992 1527 1051 et
1542 980 1771 1067 concordiae,
1796 1002 1921 1051 amans
1943 978 2153 1072 tranquilli-

113 1099 185 1171 lius
201 1094 284 1165 fidei
306 1116 349 1161 ex
373 1084 616 1159 misericordia
640 1081 726 1165 Dei,
754 1095 909 1174 propter·
922 1079 1048 1149 merita
1065 1077 1105 1147 in
1158 1080 1258 1166 tatis,
1282 1074 1472 1152 abhorruit
1491 1083 1537 1153 ab
1561 1082 1729 1154 omnibus
1750 1084 1928 1155 seditiosis
1943 1096 1980 1152 et
1996 1081 2153 1153 tribuni-

113 1196 316 1280 Christum,
337 1190 474 1284 Spiritu
489 1203 610 1258 sancto
623 1185 778 1258 Doctore
793 1181 1106 1275 primnsanimad-
1158 1182 1219 1251 tiis
1238 1182 1416 1268 consiliis,
1447 1185 1669 1271 moderatus,
1695 1198 1731 1255 et
1752 1210 1835 1257 vere
1853 1182 2009 1279 ἠθικος,
2035 1192 2152 1273 gratus

113 1302 238 1385 vertit,
263 1311 299 1368 et
313 1290 491 1365 Ecclesiae
506 1288 728 1361 monstravit
782 1286 892 1375 Quod
908 1285 1017 1375 igitur
1032 1282 1107 1352 usi·
1158 1284 1343 1370 omnibus,
1379 1299 1420 1357 ut
1451 1288 1603 1372 scimus,
1638 1302 1675 1360 et
1707 1288 1748 1357 in
1779 1311 1918 1359 summa
1950 1286 2151 1359 autoritate.

17 1413 22 1423 '
114 1418 189 1479 uta
211 1396 524 1478 scholasticorum,
555 1406 591 1465 et
605 1385 869 1463 Monachorum
892 1388 1019 1457 deliria
1041 1410 1106 1476 po-
1159 1385 1431 1480 ldeoqnesacile
1447 1389 1478 1457 si
1492 1390 1673 1471 voluisset,
1700 1390 1739 1459 in
1757 1405 1833 1461 tuto
1849 1412 1924 1461 esse
1939 1402 2095 1481 poterat,
2119 1400 2152 1459 et

113 1507 209 1590 tius,
233 1518 338 1596 atque
354 1509 571 1579 commenta,
598 1519 702 1588 quam
718 1492 802 1563 fidei
819 1494 982 1582 dogmata
1001 1510 1107 1579 repu-
1160 1490 1238 1559 ocio
1260 1492 1413 1561 studere.
1464 1489 1539 1563 Nee
1561 1494 1681 1565 decrat
1707 1516 1857 1564 acumen
1888 1490 2047 1583 ingenii,
2079 1512 2150 1561 non

116 1607 250 1687 diavit,
275 1626 350 1673 non
372 1599 502 1693 puerili
518 1596 676 1679 levitate,
700 1594 931 1685 incogitantia
947 1606 983 1662 et
996 1604 1107 1661 teme·
1161 1592 1336 1676 eruditio,
1362 1606 1402 1663 ut
1422 1594 1524 1663 facile
1547 1596 1702 1687 potnerit
1725 1594 2151 1683 conciliationesdogma·

115 1712 222 1783 ritate
242 1706 450 1778 factumest.
501 1694 739 1769 NecLutheri
762 1698 946 1779 societate,
970 1694 1028 1763 vel
1044 1716 1108 1761 au·
1160 1708 1237 1765 tum
1267 1695 1401 1765 fucatas
1430 1696 1632 1783 instituere,
1665 1698 1874 1791 flexiloqua,
1908 1696 2096 1787 ambigua,
2120 1708 2152 1767 et

116 1812 260 1885 toritate
275 1819 393 1877 motus
407 1805 441 1873 id
457 1802 552 1875 fecit.
604 1798 699 1871 Dum
716 1800 811 1869 enim
833 1794 893 1869 hic
913 1798 1107 1869 etiamnum
1161 1797 1303 1890 quaein
1322 1812 1510 1892 utramque
1531 1812 1667 1891 partem
1684 1799 1887 1893 detorqueri
1901 1814 2067 1891 possent,
2093 1822 2152 1867 vo·

116 1916 272 1995 vlveret,
296 1908 461 1991 inutiles,
494 1905 674 1996 spinosas,
710 1902 910 1981 intricatas,
936 1914 971 1971 et
995 1896 1109 1967 frivo·
1162 1899 1287 1969 cabula
1312 1900 1518 1991 excogitare.
1578 1900 1650 1975 Sed
1679 1902 1749 1974 fuit
1772 1918 1957 1983 constans,
1990 1924 2060 1971 nec
2083 1900 2152 1971 suis

118 2019 173 2087 las
204 2008 496 2085 scholasticorum
529 2004 735 2098 opiniones,
774 2017 809 2073 et
842 2001 1109 2095 disputationes,
1162 2002 1359 2072 commodis
1381 2016 1613 2097 attemperare
1637 2005 1863 2094 religionem,
1887 2027 1954 2074 nec
1971 2003 2152 2075 doctrinae

120 2121 279 2210 adeoque
300 2127 416 2185 toturn
436 2109 528 2179 illud
550 2107 733 2177 doctrinae
757 2128 891 2196 genus,
923 2104 1020 2198 quod
1045 2125 1110 2169 ne·
1162 2126 1289 2194 genus,
1316 2108 1412 2198 quod
1432 2122 1579 2178 noverat
1595 2131 1676 2178 cum
1691 2131 1788 2177 sacra
1808 2106 1984 2199 scriptura
2004 2128 2152 2177 consen-

120 2222 231 2312 glecta
256 2222 495 2287 sacrosanctae
516 2210 712 2303 scripturae
734 2208 943 2290 autoritate,
968 2201 1110 2276 Aristo·
1163 2206 1249 2288 tire,
1285 2220 1441 2289 mutare,
1475 2223 1537 2282 aut
1566 2210 1783 2281 colludendo
1808 2233 1892 2280 curn
1916 2206 2150 2285 Adversariit,

119 2321 226 2394 telem
243 2344 322 2391 cum
340 2312 537 2403 Theologia
552 2313 759 2393 confundit,
784 2324 875 2380 etex
892 2309 1032 2379 duobus
1051 2306 1109 2375 iu·
1162 2310 1314 2402 prodere
1328 2310 1455 2387 voluit.

118 2424 227 2515 tegris
251 2444 364 2491 unum
389 2430 596 2507 corruptum
619 2414 720 2495 lacit,
756 2412 963 2483 traditiones
991 2406 1110 2479 homi-

119 2550 208 2598 nurn
230 2547 305 2593 non
327 2522 491 2612 scriptas,
517 2519 656 2587 decreta
681 2515 908 2609 pontificum,
932 2526 965 2581 et
990 2509 1111 2579 conci·
1260 2513 1465 2586 Hoeunum
1481 2517 1521 2585 in
1536 2513 1719 2603 Erasmo,
1745 2541 1850 2611 quem
1864 2518 2001 2609 optime
2016 2521 2064 2597 de
2077 2520 2151 2589 lite-

118 2628 269 2711 liorum,
300 2624 377 2694 sine
398 2622 474 2691 ullo
500 2619 705 2688 discrimine
726 2618 871 2708 recipit,
903 2610 1111 2683 hominibus
1162 2620 1213 2691 ris
1231 2618 1418 2703 meritum,
1444 2620 1734 2709 magnifaciebst,
1758 2621 1959 2691 desiderare
1979 2644 2066 2691 eum
2084 2646 2152 2692 ms.

118 2728 333 2824 praetoriam
364 2720 621 2814 interpretandi
651 2720 860 2812 scripturam
886 2716 1110 2786 autoritatem
1163 2722 1271 2808 mini,
1291 2722 1390 2815 quod
1408 2745 1482 2791 110„
1499 2736 1618 2814 aperte
1635 2745 1734 2794 ,uam
1756 2724 1969 2795 „numiam
1991 2724 2035 2793 qn
2056 2746 2152 2795 mu„

118 2830 264 2915 tribuit,
296 2842 336 2899 1¹²
358 2827 397 2895 ld
417 2847 545 2895 ⁵⁰¹¹³10
568 2836 731 2913 ίθὲθῑΰῑ,
764 2823 860 2915 q⁰⁰d
886 2819 954 2912 ἱΡδῖ
974 2819 1113 2903 V⁰lll¹¹b
1164 2839 1198 2896 et
1211 2824 1461 2895 controversiis
1476 2826 1657 2915 religionis
1671 2826 1814 2906 diceret,
1834 2826 1948 2897 nollet
1961 2825 2152 2919 periclitari

121 2933 224 3029 quali
246 2943 393 3024 Pr⁰l¹ler
418 2927 557 3011 ¹⁰⁰¹²¹⁰2
587 2938 620 2994 ⁸¹
639 2926 787 3014 gradum
805 2946 922 2993 errare
938 2943 1014 2989 ¹¹⁰ss
1029 2942 1112 3011 P08·
1164 2931 1209 2998 de
1226 2928 1299 2997 suis
1315 2927 1481 3011 fortunis,
1508 2941 1542 2998 ct
1555 2928 1814 2998 existimatione
1830 2929 1989 2999 nominis
2003 2930 2075 3010 sui,
2095 2954 2153 3001 ne·

118 3038 201 3110 sint.
254 3031 333 3104 Hoc
356 3033 503 3124 inquam
519 3028 918 3118 doctrinacgenustum
936 3022 1075 3094 abiecit.
1164 3055 1233 3123 que
1247 3030 1472 3099 autoritatem
1490 3053 1601 3115 suam,
1623 3055 1693 3124 qua
1708 3028 1939 3122 apudlleges,
1963 3029 2155 3125 Principes,

534 3130 537 3135 ’
1163 3132 1389 3215 Cardinales,
1415 3127 1628 3223 Episcopos‚
1653 3147 1687 3203 et
1704 3133 1852 3203 omnino
1867 3156 1993 3204 omnes
2011 3135 2154 3227 polleret

85 3322 94 3342 ⁸
220 3238 293 3311 Sed
316 3234 507 3325 diligenter
528 3228 668 3321 scriptis
692 3224 929 3323 propheticis,
956 3242 990 3300 et
1012 3224 1112 3320 Apo·
1165 3234 1378 3326 plurimum,
1403 3234 1656 3326 interponeret,
1681 3259 1753 3328 quo
1768 3232 1971 3325 Religionis
1983 3250 2021 3307 et
2037 3232 2153 3308 Eccle-

118 3339 251 3417 stolicis
273 3337 444 3419 evolutis,
471 3329 631 3405 adhibita
653 3332 757 3402 etiam
783 3347 921 3425 patrum
949 3330 1112 3417 lectione,
1163 3338 1358 3407 riaestatus
1383 3339 1641 3410 emendamur,
1692 3336 1828 3408 Audivi
1851 3339 1948 3408 enim
1970 3338 2152 3415 dicentem,
2192 3410 2194 3417 Ι

119 3460 229 3519 totam
249 3439 497 3535 antiquitatem
520 3435 715 3522 consuluit,
750 3448 784 3506 et
807 3432 975 3514 contulit,
1008 3446 1124 3527 atque-
1164 3441 1261 3533 quod
1284 3464 1365 3509 cnm
1386 3463 1427 3509 ea
1450 3442 1495 3509 de
1518 3463 1572 3519 re,
1607 3440 1740 3529 scripto
1762 3440 1879 3511 virum
1903 3442 2152 3522 admonuisset,
2191 3422 2194 3431 ’

119 3574 161 3621 ex
177 3543 244 3617 hac
266 3541 522 3615 sententiarum
544 3537 752 3623 collatione,
779 3534 918 3628 Corpus
933 3536 1111 3625 integrum
1164 3566 1239 3612 non
1252 3542 1349 3611 aliud
1366 3542 1489 3613 tuleris
1503 3564 1734 3632 mmmm,
1763 3568 1870 3636 quam

119 3646 303 3721 doctrinae
317 3640 536 3733 conscripsit,
562 3640 601 3707 in
617 3664 688 3733 qno
704 3664 826 3709 omnes
843 3639 1112 3731 propemodum,

120 3765 213 3822 certe
237 3747 441 3841 praecipuas
466 3737 701 3831 Theologicas
725 3742 905 3824 materias,
940 3764 1019 3809 curn
1050 3736 1112 3807 alii

120 3854 208 3926 alias
224 3862 362 3922 tanturn
385 3844 589 3927 tractarint,
616 3843 820 3913 monstratis
837 3842 929 3911 veris
953 3840 1113 3909 fontibus
1165 3831 1376 3922 Significans
1388 3853 1425 3899 se
1441 3831 1510 3898 iam
1525 3832 1623 3900 senio
1640 3832 1850 3916 confectum,
1874 3831 2044 3921 precibus
2057 3860 2154 3905 occu·

1247 3688 1322 3775 ipro
1337 3692 1413 3754 νεῶν
1421 3737 1431 3768 ,
1459 3689 1572 3769 βουλαὶ
1586 3686 1621 3753 δὲ
1634 3693 1755 3771 procis,
1781 3687 1867 3772 εὐχαὶ
1882 3688 1917 3754 δὲ
1929 3686 2096 3777 γερόντων.

120 3981 161 4027 ex
178 3978 276 4025 sacra
290 3950 463 4042 scriptura
486 3960 537 4017 est
554 3946 774 4037 complexus,
800 3944 908 4037 idque
926 3942 1028 4012 solita
1049 3965 1112 4011 sna
1165 3935 1259 4027 pari:
1296 3931 1417 4025 ltaque
1441 3928 1508 4001 hoc
1532 3933 1718 4022 negocium
1747 3933 1826 4003 aliis
1850 3935 2153 4021 committendum,

121 4056 345 4134 dexteritate,
371 4052 466 4121 unde
487 4048 588 4119 facile
612 4047 810 4137 legentibus
833 4059 999 4137 apparet,
1024 4044 1111 4139 quid
1166 4037 1295 4132 quibus
1320 4030 1437 4105 adhuc
1466 4035 1618 4105 maiores
1641 4050 1757 4111 essent
1780 4036 1892 4122 vires,
1918 4038 1982 4131 qui
2010 4040 2155 4127 labores,

120 4163 165 4233 de
181 4156 330 4247 singulis
347 4152 527 4224 doctrinae
543 4144 766 4221 Christianae
780 4148 940 4241 partibus
953 4147 1112 4228 senserit,
1166 4153 1201 4209 et
1220 4162 1329 4207 oncra
1350 4138 1620 4227 gubernationis
1643 4139 1780 4230 possint
1804 4140 1917 4231 serre,
1952 4152 1990 4213 et
2009 4143 2155 4215 consilio

120 4286 186 4333 uec
204 4282 294 4351 opus
309 4271 360 4328 est
377 4255 554 4337 arbitror,
579 4266 619 4323 ut
641 4251 767 4322 ordine
789 4273 1008 4334 recenseam,
1032 4272 1112 4317 cum
1166 4241 1335 4312 valerent.

121 4378 214 4435 extet
229 4363 344 4445 liber,
367 4371 400 4428 et
416 4357 456 4425 in
467 4354 629 4424 omnium
645 4354 812 4423 manibus
825 4364 994 4425 versetur.

1271 4448 1351 4517 Non
1374 4447 1455 4515 talis
1478 4460 1598 4516 noster
1615 4446 1702 4528 fuit,
1728 4460 1767 4517 ut
1791 4450 1919 4519 callide
1937 4473 2040 4521 suam
2056 4452 2156 4523 dissi·

224 4564 268 4637 ld
291 4564 480 4657 scriptum,
505 4558 601 4652 quod
625 4553 730 4623 initio
759 4546 970 4647 hypotheses
992 4550 1114 4627 Theo·
1168 4552 1321 4623 nrrrlarot
1343 4550 1574 4633 sententiam,
1606 4574 1651 4618 ne
1673 4565 1820 4642 propter
1839 4552 2101 4625 consessionem
2121 4554 2157 4623 in

123 4670 271 4761 logicas,
303 4681 424 4759 postea
446 4664 544 4732 locos
568 4654 786 4747 theologicos
810 4656 1016 4747 appellavit,
1048 4660 1115 4728 ali·
1168 4654 1359 4725 discrimen
1388 4652 1497 4721 vitam
1528 4667 1564 4723 ct
1586 4653 1747 4722 fortunas
1776 4655 1979 4727 adduceret.
2040 4654 2158 4751 Neque

125 4771 275 4867 quoties,
298 4771 404 4857 longo
421 4788 540 4836 rernm
557 4785 635 4846 usu,
656 4756 1115 4850 disputationibuslcctio-
1169 4758 1352 4847 ambiguo,
1381 4770 1442 4825 aut
1471 4754 1667 4845 improprio
1694 4777 1858 4825 sermone
1886 4756 2077 4831 offundere
2104 4782 2158 4831 ta-

124 4900 192 4961 ne,
217 4888 252 4945 et
264 4870 439 4942 exercitiis
454 4865 595 4960 pietatis
611 4864 721 4952 magis
737 4861 930 4931 instructus
944 4884 1115 4953 recogno·
1170 4860 1317 4949 liginem
1343 4858 1584 4935 auditoribus,
1620 4870 1653 4926 et
1687 4858 1878 4929 lectoribus
1903 4859 2031 4931 voluit.
2088 4860 2158 4933 Nec

125 4978 198 5063 vit,
224 4970 514 5064 etlocupletavit.
557 4965 631 5037 Noc
648 4964 742 5033 enirn
757 4976 798 5033 ut
813 4964 969 5055 privatae
986 4988 1115 5035 consn-
1170 4963 1265 5033 enim
1283 4962 1320 5031 in
1336 4960 1559 5048 dogmatibus
1574 4959 1659 5028 lusit
1673 4960 1848 5051 fingendis
1861 4962 1965 5032 novis
1976 4962 2158 5055 opinioni·

125 5080 213 5151 leret
234 5070 503 5170 tranquillitati,
534 5068 674 5137 medius
696 5080 757 5135 aut
783 5090 874 5149 esse,
906 5080 968 5137 aut
991 5060 1115 5137 haberi
1169 5066 1247 5144 bus,
1274 5076 1335 5131 ant
1350 5061 1721 5151 interpretationibus,
1747 5087 1812 5133 nec
1828 5088 1921 5133 nova
1937 5082 2157 5139 commentus

126 5182 253 5253 voluit.
289 5178 369 5249 lloc
386 5201 432 5245 ne
447 5174 559 5247 Solon
576 5170 720 5266 quidem
738 5170 777 5237 in
788 5164 932 5258 Repuh.
947 5193 1010 5239 sua
1027 5170 1116 5240 iere·
1169 5181 1221 5236 est
1238 5168 1399 5253 dogmata
1415 5164 1617 5257 eritiquitati
1635 5164 1774 5253 ignota,
1799 5166 1939 5236 tametsi
1954 5165 2091 5240 valeret
2105 5170 2158 5239 in·

126 5288 206 5369 hat,
231 5297 272 5354 ut
293 5294 389 5351 mota
414 5274 606 5359 seditione,
631 5284 795 5343 neutram
818 5268 1115 5363 quis-factionem
1170 5268 1293 5361 genio,
1319 5265 1538 5351 eruditione,
1562 5278 1597 5335 et
1622 5266 1744 5339 nrrrltis
1770 5268 1851 5339 aliis
1872 5270 2089 5343 rebua'esset
2105 5272 2158 5341 in·

127 5399 351 5479 sequeretur,
384 5385 444 5453 sed
467 5374 664 5451 honoribus
687 5374 914 5465 tales,·‚quos
931 5372 1117 5459 Neutrales
1169 5384 1340 5453 structus,
1373 5382 1593 5447 nontamen
1625 5382 1766 5447 tanturn
1788 5370 1858 5447 sibi
1884 5374 2069 5463 permisit,
2097 5396 2157 5447 ner
