4546 5760
113 173 196 253 709
647 104 653 111 ·
718 168 1135 265 QUAESTIONES
1170 165 1567 248 ACADEMICAE.
2093 177 2167 249 710

87 351 89 354 ’
115 346 293 419 institutis
311 369 352 415 ac
372 346 511 435 legibus
529 367 672 437 parere,
695 368 801 438 quam
817 345 980 417 doctrina
1003 346 1117 415 excel·
1168 356 1210 414 ut
1233 360 1330 413 nunc
1363 341 1552 412 Pontifices
1583 337 1747 413 horribili
1775 347 1946 418 servitute
1968 343 2162 418 Ecclesiam

115 450 206 520 lere.
258 445 368 536 Quod
383 471 465 517 cum
482 447 636 518 arbitrer
650 447 713 517 vos
732 470 885 542 quoqne,
909 449 1006 518 viros
1021 449 1117 539 opti·
1169 445 1396 537 opprimunt,
1438 444 1570 514 nolunt
1609 445 1775 536 explicari
1812 449 1992 537 dogmata,
2026 445 2161 521 Christi

115 574 198 622 mos
218 564 255 623 ει
274 549 520 640 gravissimos,
543 550 693 634 sentire,
718 573 820 640 spero
844 573 908 619 vos
924 550 1114 620 consilium
1167 548 1365 617 doctrinam
1388 545 1562 637 patelieri,
1579 548 1706 616 sanari
1723 563 1880 620 errantes
1895 565 1956 621 aut
1977 554 2161 642 ambigen-

115 676 240 725 rneum
259 652 473 743 probaturos
493 674 583 735 esse,
609 653 706 745 quod
727 652 988 722 laudatissimae
1011 647 1115 722 scho-
1166 663 1218 719 tes
1247 648 1490 719 conscientias.
1543 646 1777 743 Relinquitur
1803 651 1928 739 igitur,
1960 669 2000 723 ut
2023 657 2159 739 medius

116 757 172 827 lae
188 752 441 826 consuetudini
457 754 775 845 obtemperandum
792 755 889 825 duxi.
942 751 1114 825 Cumau-
1164 749 1311 843 quidam
1331 746 1512 820 Ecclesiae
1534 764 1644 820 status
1665 753 1842 843 optandus
1865 756 1921 829 sit.
1973 755 2045 827 Sed
2074 754 2159 828 haec

114 873 190 930 tem
207 880 284 927 nou
299 855 432 947 possim
450 855 651 947 eloquentia
668 854 769 924 vobis
787 856 995 941 satisfacere,
1020 857 1113 925 dabo
1166 853 1408 936 mediocritas,
1433 851 1505 920 nisi
1522 849 1745 926 Geometrica
1767 858 1998 946 proportione
2014 875 2160 945 constet,

114 966 284 1052 operam,
323 982 369 1026 ne
392 957 450 1027 cui
472 956 655 1046 prolixitas
684 958 856 1029 orationis
886 960 1032 1029 molesta
1056 959 1113 1028 sit.
1164 955 1284 1024 statim
1301 957 1489 1044 degenerat
1504 955 1542 1022 in
1557 951 1787 1054 ὀλιγαρχίαν,
1804 958 1862 1026 vel
1880 957 1916 1027 in
1934 962 2030 1048 vulgi
2047 963 2159 1030 liceu-

113 1058 164 1135 Et
179 1075 221 1133 ut
235 1059 394 1131 novitate
409 1059 566 1129 taedium
582 1059 701 1153 aliqua
719 1083 759 1128 ex
776 1075 875 1151 parte
891 1061 1015 1145 levem,
1036 1084 1113 1129 ma·
1165 1057 1264 1129 tiam.
1316 1053 1382 1127 Est
1401 1070 1519 1126 autem
1535 1054 1695 1127 Platonis
1717 1061 1900 1152 proportio
1925 1061 1986 1132 illa
2005 1061 2159 1134 Geome-

113 1164 170 1237 toi
200 1161 444 1258 quaestionem
473 1161 630 1253 aliquam
661 1161 813 1250 agitare,
845 1185 950 1255 quam
981 1162 1111 1233 artium
1164 1159 1274 1243 trica,
1298 1182 1378 1227 cum
1401 1181 1476 1227 non
1499 1182 1593 1228 unus
1610 1160 1739 1254 aliquis
1756 1162 1980 1249 dominatur,
2005 1169 2064 1235 sed
2080 1190 2158 1257 gra-

113 1265 307 1339 encomion
321 1264 487 1349 recitare,
511 1260 618 1349 Quod
637 1287 678 1332 eo
700 1264 739 1331 in
764 1286 892 1352 genere
912 1265 949 1333 in
973 1261 1039 1334 hac
1055 1265 1113 1333 in·
1165 1262 1231 1328 drrs
1255 1261 1363 1345 fiunt,
1396 1274 1431 1331 ει
1454 1260 1581 1329 delecti
1601 1260 1728 1351 optimi
1751 1276 1785 1334 et
1806 1264 2001 1335 doctissimi
2024 1269 2158 1363 quique

113 1367 213 1460 genii
228 1364 482 1447 imbecillitate,
508 1360 601 1432 nihil
616 1365 772 1457 reperire
788 1366 901 1457 potui,
924 1369 1021 1459 quod
1037 1390 1111 1436 nou
1165 1362 1361 1453 plurimum
1384 1363 1574 1432 autoritate
1597 1363 1728 1433 valent.
1783 1363 1848 1452 Ut,
1882 1368 1972 1437 siin
1999 1366 2158 1442 Ecclesia

114 1485 208 1543 esset
226 1467 521 1557 vulgatissimum.
1165 1465 1368 1559 praecipuas
1390 1464 1593 1534 functiones
1607 1464 1802 1536 doctissimi
1824 1482 1862 1539 et
1883 1472 2010 1562 optimi
2026 1474 2158 1568 quique

66 1566 71 1575 '
219 1569 419 1660 Disputabo
436 1569 560 1657 igitur:
588 1561 715 1662 Quare
728 1561 841 1639 Plato
857 1564 1013 1640 dixerit:
1031 1592 1112 1639 sum
1165 1581 1328 1652 teneant,
1362 1590 1429 1635 nec
1453 1567 1591 1636 iaceant
1622 1568 1699 1657 pari
1725 1568 1895 1641 servitute
1917 1597 2040 1645 omnes
2069 1576 2156 1646 boni

111 1668 361 1771 Reipublicae
380 1678 518 1741 statum
542 1668 718 1766 optimum
742 1693 836 1756 esse,
862 1671 929 1769 qui
945 1675 995 1742 sit
1018 1670 1113 1741 inter
1163 1669 1339 1761 oppressi,
1370 1669 1432 1736 sed
1454 1670 1583 1757 gradus
1606 1685 1802 1746 serventur.
1859 1673 2001 1746 indocti
2025 1679 2157 1767 guber-

114 1768 378 1873 Tyrormidcm
409 1781 441 1841 ct
465 1769 736 1841 Democratian
766 1768 926 1860 medius,
958 1798 1113 1871 propor-

113 1878 217 1951 tione
229 1870 470 1948 Geometrica.
521 1873 748 1944 Perliberalis
764 1872 852 1944 mihi
869 1877 942 1946 visa
963 1891 1014 1947 est
1029 1875 1112 1946 Pla-

113 1981 215 2055 tonis
237 1978 435 2060 sententia,
457 1992 493 2048 et
515 1979 560 2046 ad
585 1977 695 2047 vitam
719 1977 925 2060 utilissima,
953 2003 1057 2071 quarn
1079 1979 1111 2049 si

114 2096 312 2178 sequantur
333 2082 378 2163 ii,
404 2080 468 2171 qui
491 2093 679 2172 praesunt,
705 2075 926 2149 hauddubie
952 2082 1112 2150 beatissi-

112 2209 197 2258 mae
220 2196 327 2255 eruut
352 2182 520 2251 civitates.
573 2180 732 2251 Multum
754 2181 859 2251 etiam
879 2180 1111 2272 Reipublicae

112 2286 305 2372 conducit,
336 2284 493 2376 privatos
520 2308 597 2353 eam
621 2298 758 2369 tenere,
790 2297 832 2353 ut
854 2307 957 2354 suum
981 2287 1111 2370 locum,

114 2411 296 2483 suumque
323 2409 455 2456 munus
485 2386 535 2456 ita
565 2400 749 2469 tueantur,
779 2409 843 2466 ne,
877 2387 1110 2480 quantumin

115 2492 205 2586 ipsis
219 2505 288 2575 est,
313 2482 552 2582 pulcherrima
577 2487 639 2556 illa
662 2482 848 2556 harmonia
866 2485 1111 2559 Geometricae

113 2592 360 2688 proportionis
386 2592 625 2681 perturbetur.
685 2587 866 2678 Quantam
895 2604 1011 2661 autem
1037 2591 1109 2659 vim

113 2693 247 2768 habeat
262 2691 421 2764 Platonis
438 2693 591 2775 dictum,
618 2693 657 2759 in
680 2693 840 2782 exemplo
863 2692 1001 2762 facilius
1023 2716 1110 2762 con-

114 2798 208 2892 spici
224 2795 364 2888 poterit.

224 2898 268 2970 lu
282 2894 439 2968 Ecclesia
455 2895 607 2966 maxime
629 2896 730 2966 cerni
751 2910 883 2988 potest,
909 2922 1016 2991 quam
1029 2921 1111 2987 per-

117 3003 279 3074 niciosus
302 3000 347 3069 sit
360 3014 510 3092 uterque
525 3012 652 3080 status,
678 2997 901 3070 Democratia
919 3013 953 3069 et
969 2996 1112 3094 Tyran-

116 3107 189 3176 uis.
243 3101 343 3191 Quid
367 3103 462 3169 euim
483 3101 643 3171 futurum
665 3116 771 3185 esset,
797 3101 826 3170 si
844 3102 950 3190 vulgo
968 3101 1111 3171 licentia

115 3208 390 3288 concederetur,
412 3206 574 3292 dogmata
597 3217 631 3270 et
646 3203 737 3273 ritus
758 3205 936 3272 condendi
952 3217 1013 3273 aut
1029 3229 1111 3273 rnu-

115 3307 254 3381 tancti?-
270 3304 304 3374 Τ
305 3318 388 3375 anta
403 3318 455 3375 est
470 3305 564 3394 vulgi
581 3305 745 3388 stultitia,
768 3320 838 3374 tam
855 3305 947 3373 caeci
962 3330 1001 3374 ac
1019 3305 1110 3373 varii

115 3414 290 3503 impetus,
315 3422 355 3478 ut
380 3407 516 3476 infinita
542 3408 740 3491 barbaries,
766 3408 975 3477 etomnium
990 3432 1109 3476 rerum

116 3515 157 3584 in
173 3507 333 3582 Ecclesia
348 3511 508 3579 confusio
525 3510 642 3578 futura
659 3523 756 3576 esset.
813 3507 975 3577 Vidimus
994 3532 1110 3576 exem-

114 3617 176 3708 pla
191 3615 376 3709 quaedam.
429 3611 501 3680 Nec
517 3613 585 3680 alia
601 3634 656 3679 res
673 3611 776 3680 initio
795 3610 1108 3701 Arrabaptistarum

114 3718 293 3788 insaniam
315 3716 554 3798 confirmavit,
587 3714 655 3781 nisi
681 3709 765 3782 haec
788 3714 825 3780 iu
846 3715 890 3782 iis
908 3714 1014 3798 locis,
1046 3713 1108 3782 ubi

116 3830 379 3899 convenerunt,
403 3814 644 3900 Democratia,
670 3817 707 3883 iu
732 3840 800 3908 qua
815 3817 921 3905 vulgo
945 3811 1110 3885 homines

113 3919 292 4014 ne‘pharii,
306 3918 474 4000 seditiosi,
490 3918 622 4012 cupidi,
640 3932 844 4009 sparserunt
856 3917 953 3989 varia
964 3909 1110 4007 dogma-

112 4041 163 4109 ta,
188 4022 249 4093 alii
264 4045 328 4113 per
341 4020 585 4101 ambitionem,
606 4018 668 4087 alii
685 4018 820 4088 incitati
838 4019 917 4088 aliis
932 4020 1109 4110 cupidita-

114 4128 233 4210 tibus,
259 4137 300 4194 ut
321 4136 499 4214 praetextu
514 4121 698 4210 religionis
721 4134 1021 4215 consequerentur
1045 4147 1110 4212 po-

1163 1786 1307 1842 natores
1328 1771 1517 1841 admittant
1540 1770 1717 1840 bonorum
1739 1787 1774 1842 et
1790 1775 1976 1848 doctorum
1995 1779 2157 1849 virorum

1164 1873 1323 1962 consilia,
1350 1897 1424 1942 nou
1439 1872 1705 1943 confundantur
1720 1877 1862 1967 gradm,
1886 1882 1947 1948 sed
1962 1883 2156 1974 unusquis-

1163 1999 1253 2067 que,
1278 1975 1376 2046 velut
1395 1975 1602 2055 stationem,
1626 1998 1729 2046 suum
1754 1979 2031 2053 locumtueatur
2048 1997 2079 2052 et
2096 2008 2157 2054 or-

1162 2091 1234 2151 uct.
1269 2074 1413 2148 Eruditi
1428 2077 1587 2146 iudicent
1601 2078 1646 2146 de
1661 2080 1834 2161 doctrina,
1864 2081 1997 2154 indocti
2015 2087 2156 2155 auscul-

1165 2193 1239 2248 tent
1273 2190 1309 2249 ct
1340 2181 1602 2269 obtemperent,
1636 2204 1702 2251 nec
1729 2183 1769 2251 in
1795 2183 1928 2254 alienas
1946 2186 2156 2257 functiones

1164 2281 1385 2371 irrumpant,
1416 2283 1628 2350 conturbato
1659 2285 1803 2363 ordine,
1840 2288 1928 2357 sicut
1961 2304 1994 2360 et
2024 2287 2156 2360 Paulus

1162 2382 1367 2472 gravissime
1391 2395 1531 2461 monet,
1568 2383 1671 2472 capit.
1694 2387 1750 2458 ta.
1775 2389 1820 2456 ad
1840 2385 2043 2474 Romanos,
2074 2416 2154 2460 cum

1162 2485 1351 2576 praecipit,
1377 2506 1422 2552 ne
1437 2483 1646 2561 immodeste
1670 2488 1713 2556 de
1735 2489 1839 2558 nobis
1855 2492 2066 2577 sentiamus,
2093 2498 2153 2562 sed

1162 2588 1405 2679 unusquisque
1420 2611 1485 2678 pro
1504 2609 1568 2655 suo
1586 2589 1683 2657 dono
1704 2593 1862 2662 modeste
1877 2595 2022 2679 serviat,
2048 2617 2154 2665 suum

1163 2713 1294 2759 munus
1309 2684 1422 2759 ornet.
1452 2686 1549 2757 Haec
1563 2703 1615 2760 est
1631 2691 1691 2759 illa
1708 2693 1828 2771 divina
1847 2698 2043 2786 proportio,
2064 2722 2155 2793 quae

1163 2793 1194 2860 si
1224 2806 1312 2862 esset
1341 2791 1380 2859 in
1404 2787 1562 2861 Ecclesia
1591 2805 1625 2861 et
1647 2793 1685 2862 iu
1705 2792 1923 2887 Republica,
1955 2823 2036 2869 vere
2062 2801 2153 2872 beati

1163 2916 1328 2967 essemus.

1264 2994 1342 3066 Hoc
1359 2996 1518 3065 medium
1542 2995 1635 3064 inter
1651 2995 1896 3091 Tyrannidem
1913 3016 1947 3072 et
1962 3003 2154 3074 Democra-

1162 3099 1237 3169 tian
1260 3099 1547 3169 constituendum
1571 3121 1644 3167 esse
1666 3100 1885 3190 sapientibus
1906 3107 2155 3193 gubernatori-

1161 3205 1239 3284 bus,
1257 3200 1358 3272 Plato
1374 3201 1469 3270 dicit.
1504 3198 1576 3270 Sed
1592 3215 1766 3294 quantum
1776 3205 1825 3273 ab
1843 3200 1908 3274 hac
1921 3209 2033 3274 forma
2050 3208 2154 3276 distet

1161 3301 1340 3386 Ecclesia,
1366 3326 1440 3370 non
1462 3315 1512 3371 est
1531 3305 1732 3377 obscurum.
1785 3303 1874 3374 Nam
1899 3322 1959 3378 aut
1982 3300 2071 3377 iacet
2087 3334 2154 3398 op·

1161 3428 1278 3495 pressa
1307 3405 1516 3498 tyrannide,
1538 3419 1618 3475 aut
1645 3401 1866 3477 horribiliter
1896 3411 2153 3500 dissipaturac

1160 3507 1335 3576 laceratur
1352 3531 1372 3575 a
1389 3508 1506 3594 vulgo.
1557 3506 1631 3575 Nec
1644 3508 1732 3577 falso
1747 3509 1837 3580 dixit
1855 3510 1973 3591 Plato,
2002 3537 2152 3604 propor-

1160 3609 1296 3678 tionem
1318 3608 1416 3677 illam
1439 3608 1629 3677 difficulter
1653 3610 1828 3694 inveniri,
1855 3636 1894 3681 ac
1915 3614 2087 3682 iudicium
2109 3616 2153 3682 de

1161 3735 1200 3780 ea
1214 3736 1289 3780 uon
1303 3734 1376 3779 esse
1393 3706 1601 3794 hominum,
1625 3715 1683 3779 sed
1701 3710 1788 3783 DEI.
1821 3714 1890 3784 Sed
1908 3728 2026 3784 tamen
2041 3717 2153 3785 iuter·

1160 3815 1246 3883 dum
1273 3813 1429 3907 aliquam
1460 3813 1536 3882 eius
1570 3810 1705 3904 partem
1736 3818 1842 3884 rebus
1875 3812 2040 3886 humanis
2066 3842 2154 3888 con-

1160 3916 1314 4004 tingere,
1340 3917 1417 3986 etsi
1433 3916 1520 4008 quid
1537 3916 1622 3984 berni
1641 3917 1687 3986 sit
1708 3915 1744 3984 in
1760 3915 1957 4009 Republica
1982 3921 2152 3989 beneficio

1161 4013 1269 4088 huius
1285 4018 1530 4109 proportionis
1547 4018 1705 4088 existere.
1748 4015 1957 4111 Optanduru
1976 4024 2083 4111 igitur
2100 4038 2152 4091 est

1160 4121 1344 4204 omuibus,
1367 4135 1408 4190 ut
1427 4121 1519 4191 [leus
1540 4120 1732 4211 aliquando
1759 4116 1849 4191 banc
1867 4121 2090 4193 Harmonian
2113 4125 2149 4190 in

115 4228 284 4309 tentiam,
311 4226 508 4317 diriperent
530 4224 747 4316 locupletum
772 4225 965 4297 facultates.
1016 4223 1109 4294 Nam
1159 4219 1317 4291 Ecclesia
1332 4223 1510 4305 restituat,
1533 4237 1567 4293 et
1582 4245 1657 4306 nos,
1685 4222 1746 4314 qui
1764 4222 1800 4291 iu
1816 4227 1942 4295 studiis
1959 4251 2151 4309 versamur,

112 4332 158 4419 in
172 4329 280 4419 vulgo
296 4352 370 4396 uon
395 4330 510 4396 solum
528 4327 627 4395 ncilla
649 4325 738 4396 ratio
757 4341 825 4410 cst,
849 4322 942 4395 nihil
959 4327 1110 4410 consilii,
1160 4327 1284 4394 demus
1306 4348 1468 4415 operam,
1501 4337 1540 4393 ut
1567 4348 1698 4392 munus
1721 4328 1947 4396 commissum
1974 4353 2151 4409 ornemus,

113 4432 218 4504 nulla
239 4430 454 4514 moderatio,
476 4428 658 4498 sedetiam
681 4429 1108 4518 plurimisuntimprohi.
1160 4440 1201 4497 ut
1223 4429 1268 4495 ad
1293 4425 1493 4495 docendum
1526 4440 1562 4496 et
1591 4425 1820 4496 iudicandum
1845 4428 2028 4498 veniamus
2059 4431 2149 4497 hene

112 4530 165 4607 Et
180 4545 222 4605 ut
239 4533 388 4627 quisque
403 4532 594 4624 pessimus,
621 4531 874 4600 audacissimus
891 4555 931 4599 ac
948 4531 1111 4600 furiosis·
1133 4502 1136 4623 i
1160 4528 1320 4597 meditati
1345 4551 1384 4596 ac
1414 4528 1545 4616 parati,
1579 4541 1618 4597 ut
1641 4532 1780 4612 dextre,
1815 4532 1975 4621 proprie,
2010 4546 2045 4599 et
2072 4532 2149 4599 siue
2234 4613 2237 4620 Ι

112 4640 228 4710 simus
244 4649 314 4716 εει,
335 4634 384 4705 ita
402 4634 596 4726 plurimum
613 4634 723 4722 gratia
742 4645 847 4725 atque
863 4632 1053 4703 autoritate
1071 4633 1109 4701 in
1132 4632 1137 4723 l
1160 4630 1370 4700 confusione
1392 4633 1555 4719 dogmata
1583 4632 1757 4721 explicare
1780 4634 1965 4723 possimus.
2017 4631 2149 4703 Assue-

112 4739 226 4830 vulgo
250 4738 370 4830 pollet.
417 4735 513 4807 Haec
537 4737 675 4805 notiora
691 4748 794 4818 suut,
820 4758 924 4829 quam
942 4748 982 4805 ut
1005 4735 1109 4825 longa
1133 4748 1136 4795 f
1159 4732 1328 4802 faciamus
1368 4756 1433 4801 nos
1475 4736 1517 4800 ad
1561 4733 1786 4817 modestiam,
1829 4735 2003 4824 fugiamus
2036 4741 2149 4808 πολυ-

114 4841 280 4914 oratione
293 4862 383 4932 opus
399 4839 455 4909 sit.

219 4940 359 5014 Rursus
382 4955 415 5011 ει
445 4938 626 5035 Tyrannis
656 4938 819 5031 pestifera
850 4951 902 5008 εει
922 4933 1110 5023 Ecclesiae,

113 5068 200 5117 cum
223 5039 283 5130 hi,
309 5043 372 5136 qui
396 5043 648 5120 dominantur,
676 5066 750 5110 nou
774 5043 861 5110 dant
884 5065 1044 5132 operam,
1070 5054 1110 5112 ut

112 5142 251 5221 Christi
272 5145 422 5235 gloriam
446 5169 487 5213 ac
504 5146 685 5213 veritatem
700 5146 852 5213 reddant
866 5143 1110 5227 illustriorem,

114 5274 193 5321 nou
211 5249 405 5319 consulunt
428 5247 533 5317 saluti
554 5244 750 5325 Ecclesiae,
774 5248 834 5314 sed
857 5270 955 5314 suam
974 5246 1111 5315 autori-

114 5367 247 5438 tatem,
271 5373 353 5422 suas
373 5373 459 5441 opes
479 5351 670 5419 defendere
692 5359 754 5417 aut
775 5370 901 5438 augere
924 5361 1110 5429 conantur,

1160 4827 1432 4932 πραγμοσύνην
1450 4849 1482 4904 ει
1506 4834 1749 4925 petulantiam.
1801 4833 1879 4906 Hoc
1906 4843 2013 4907 modo
2036 4840 2148 4908 nostri

1159 4938 1297 5007 ordinis
1313 4960 1373 5005 seu
1392 4938 1521 5026 gradus
1539 4933 1735 5005 Harmonia
1755 4953 1928 5024 correcta,
1955 4941 2148 5030 plurimum
2176 5019 2179 5026 .

1159 5039 1246 5109 boui
1265 5036 1442 5108 Ecclesiae
1459 5038 1591 5108 afferet.
1653 5098 1660 5113 ,

1262 5142 1362 5211 Haec
1379 5141 1472 5222 dixi,
1497 5154 1536 5210 ut
1553 5139 1711 5210 Platonis
1737 5143 1947 5213 seutentiam
1974 5142 2150 5231 iuterpre-

1162 5259 1274 5328 tarer,
1305 5267 1394 5336 quae
1424 5245 1468 5309 ad
1496 5242 1635 5312 illustre
1663 5245 1831 5314 translata
1862 5246 2079 5335 exemplum,
2112 5245 2151 5314 fit

1161 5346 1272 5438 magis
1297 5339 1492 5437 perspicua.
1520 5342 1590 5415 vEt
1617 5348 1865 5438 praestandum
1888 5347 1992 5416 nobis
2014 5360 2083 5432 est,
2110 5360 2152 5417 ιιι

1414 5445 1496 5519 45*
