4546 5760
110 171 188 252 747
699 154 1124 252 QUAESTIONES
1157 154 1564 247 acanurttctn
1593 244 1597 250 ,
2004 171 2016 183 “
2073 161 2148 243 m

116 344 271 442 peditior
294 342 345 413 sit
370 338 460 415 ratio
496 333 628 408 iuliani
653 332 761 418 anni,
791 354 899 426 quam
927 329 1103 403 Moesici?
1154 336 1244 420 cris,
1270 333 1554 409 ceremoniarum
1567 335 1867 417 ¹tractationibus,
1893 348 1929 408 et
1942 335 2148 424 solennium

119 449 279 529 lulianus
303 441 411 515 habet
435 453 572 512 certum
594 435 690 509 initii
707 435 803 506 diem
823 434 863 504 in
876 431 1105 519 Calendario,
1154 438 1384 514 celebrationi
1399 437 1589 518 festorum,
1603 453 1681 511 tum
1689 439 1808 529 operis
1816 437 2025 513 domesticis
2038 438 2149 530 aptis-

118 549 297 625 Mosaicus
327 558 464 619 certum
490 541 585 611 initii
607 539 701 609 diem
723 561 800 608 non
832 532 1007 624 habebat,
1040 537 1104 607 sed
1153 542 1243 614 sime
1270 553 1516 632 congruentes.
1564 538 1619 615 Fa
1645 540 1684 611 in
1708 564 1748 611 re
1771 539 1946 630 sapientia
1968 541 2148 633 expenda-

117 653 333 731 variabatur,
346 661 388 720 ut
403 642 631 719 novilunium
644 639 1103 735 proximumacquinoctio·
1156 659 1216 717 tur
1233 647 1381 717 autoris.

119 756 350 847 vagabantur
371 762 406 821 et
426 769 582 831 menses,
614 745 686 830 ita,
718 757 758 815 ut
781 766 823 813 ex
847 743 991 814 aestivis
1013 765 1103 835 pene
1258 745 1309 821 Ut
1328 745 1449 819 Solem
1462 744 1562 817 Deus
1575 747 1743 817 conditor
1758 744 1871 815 annui
1892 742 2006 835 spacii
2016 743 2147 834 matio

118 855 275 954 hyberni
301 855 436 925 fierent.
500 847 686 922 Caeterum
712 843 893 917 Mosaicus
916 846 1038 917 oculos
1064 844 1105 914 in
1156 850 1264 921 simas
1282 850 1394 935 vices,
1419 874 1507 944 quas
1525 843 1627 945 ὥρας
1635 845 1767 921 Graeci
1782 860 1934 931 vocant,
1956 846 2149 917 efficereac

118 962 257 1033 coelum
290 956 469 1048 rapiebat,
508 953 655 1023 iubebat
684 949 852 1021 attentius
886 949 995 1041 aspici
1028 971 1105 1019 non
1155 967 1374 1047 temperare,-
1399 965 1435 1021 et
1449 952 1581 1025 diurna
1595 966 1841 1044 nocturnaque
1863 951 2000 1021 variare
2020 950 2147 1042 spacia,

117 1065 225 1134 modo
240 1059 399 1144 Lunam,
421 1057 483 1127 sed
500 1056 605 1126 etiam
621 1050 837 1146 aequinoctii
851 1064 1009 1143 tempus,
1033 1073 1105 1145 qua
1157 1056 1374 1127 collustratis
1399 1067 1436 1126 et
1457 1055 1643 1147 completis
1665 1053 1744 1127 luce
1765 1077 1829 1125 sua
1855 1064 1969 1122 terrae
1983 1050 2148 1144 partibus

119 1167 159 1235 in
183 1190 222 1235 re
242 1163 333 1232 mira
353 1160 422 1231 fuit
445 1157 588 1228 solertia
610 1171 769 1227 veterum
791 1153 831 1223 in
856 1152 1104 1225 observatione
1157 1159 1226 1229 sibi
1243 1159 1421 1244 obversis,
1446 1157 1596 1250 reliquis
1612 1182 1632 1227 a
1649 1179 1723 1227 sese
1736 1155 1869 1227 aversis
1884 1156 2062 1246 opacatis:
2088 1153 2148 1227 sie

118 1268 327 1339 umbrarum
353 1277 388 1334 et
408 1261 515 1342 lucis,
536 1282 643 1354 quam
665 1257 886 1347 diligentiam
907 1256 1038 1327 minuit
1065 1256 1105 1324 in
1158 1264 1201 1331 de
1224 1260 1319 1331 Solis
1341 1283 1448 1330 cursu
1471 1274 1575 1354 atquc
1602 1260 1816 1329 circumactu
1839 1271 1950 1329 metas
1965 1278 2147 1329 annorum

118 1367 253 1463 populo
274 1389 390 1438 annus
416 1361 589 1434 lulianus.
641 1360 713 1432 Sed
737 1374 771 1430 te
794 1383 881 1450 rogo
902 1358 1105 1431 doctissime
1158 1363 1325 1433 constitui
1352 1378 1387 1432 ct
1410 1362 1570 1442 definiri,
1596 1386 1706 1455 eaque
1726 1359 1933 1444 intervalla,
1955 1383 2048 1454 quae
2066 1359 2146 1453 qui-

119 1483 345 1566 pracceptor,
370 1480 410 1539 ut
426 1462 512 1537 haec
527 1463 705 1558 copiosius
720 1462 884 1554 explices.
1158 1467 1280 1537 busvis
1302 1467 1441 1546 duabus
1460 1463 1632 1556 proximis
1654 1463 1749 1535 Solis
1772 1465 1817 1533 ad
1840 1462 1937 1531 idem
1971 1475 2145 1553 punctum

1160 1567 1375 1662 aequinoctii
1416 1567 1519 1635 verni
1552 1566 1841 1637 restitutionibus
1877 1563 2148 1648 intercederent,

1158 1669 1337 1762 designari
1360 1670 1615 1762 observarique
1639 1682 1778 1739 tantum
1803 1688 1904 1736 veros
1928 1666 2015 1738 iusti
2033 1663 2145 1758 spacii

1159 1773 1271 1844 annui
1292 1772 1423 1844 limites
1445 1771 1573 1844 voluit.
1631 1767 1699 1840 His
1724 1768 1940 1852 intervallis,
1978 1780 2022 1840 ut
2042 1792 2144 1862 qnae,

1159 1899 1364 1969 quanquam
1378 1886 1619 1959 mutarentur,
1633 1896 1817 1967 nunquam
1833 1870 1999 1944 fallerent
2013 1884 2144 1953 tamen,

211 1975 287 2049 Est
315 1975 464 2047 omnino
486 1973 672 2064 diligentia
696 1971 851 2043 eruditio
876 1966 1023 2043 homine
1049 1970 1107 2041 di·
1160 2003 1226 2049 nec
1248 1993 1363 2050 tractu
1386 1999 1642 2069 progressuque
1663 1974 1833 2067 temporis
1858 1995 2016 2043 errorem
2042 1996 2144 2064 pare.

120 2106 207 2175 gna,
227 2078 410 2172 antiquas,
436 2078 600 2170 interque
617 2100 690 2147 sese
706 2075 964 2166 discrepantes,
990 2087 1025 2145 et
1038 2097 1107 2145 usu
1159 2095 1239 2152 rent
1253 2080 1426 2173 aliquem,
1452 2091 1514 2148 aut
1527 2077 1793 2163 confusionem,
1818 2075 1944 2147 seriem
1962 2098 2142 2147 annorum

119 2185 207 2255 anni
230 2180 360 2253 iuliani
381 2182 604 2264 obscuratas,
635 2177 723 2248 anni
755 2177 911 2248 rationes
943 2176 1107 2260 conside-
1161 2180 1304 2276 proprie
1320 2180 1486 2252 discrevit
1500 2176 1608 2252 Deus.

119 2310 217 2370 rare,
243 2307 330 2379 quas
344 2284 434 2353 aliae
453 2294 574 2372 gentes
595 2281 701 2367 alias,
727 2293 914 2374 postquam
934 2305 954 2349 a
980 2278 1106 2372 primis
1262 2282 1404 2357 Rursus
1424 2308 1505 2353 cum
1520 2278 1607 2354 ‘Soli
1630 2278 1769 2351 Lunam
1795 2278 1973 2370 alligasset
1997 2304 2038 2350 ea
2059 2281 2145 2370 lege,

119 2402 322 2460 sanctorum
341 2384 488 2456 Patrum
515 2383 672 2475 vestigiis
698 2383 945 2469 discesserant,
970 2382 1106 2453 abiecta
1159 2401 1199 2457 ut
1215 2410 1254 2455 ea
1271 2387 1356 2457 solis
1371 2385 1560 2481 splendore
1585 2396 1619 2454 et
1633 2382 1770 2453 lumine
1788 2405 1852 2451 ceu
1870 2395 2044 2464 recreata,
2071 2394 2142 2452 toto

119 2490 303 2563 doctrinae
325 2487 499 2558 divinitus
522 2488 674 2557 traditae
698 2484 939 2577 professione,
968 2482 1108 2574 excogi-
1159 2488 1336 2575 Zodiaco,
1364 2501 1549 2559 menstruo
1573 2484 1710 2578 spacio,
1740 2483 1840 2554 obito
1872 2507 1912 2554 ac
1947 2497 2142 2577 peragrato,

118 2605 243 2667 tarunt
257 2605 361 2684 atque
380 2604 623 2680 usurparunt,
649 2587 705 2656 vel
719 2589 817 2681 quod
838 2586 940 2657 novis
954 2587 1107 2657 detecta-
1159 2587 1278 2664 hausti
1310 2588 1458 2662 luminis
1478 2612 1623 2660 usuram
1645 2586 1749 2658 terris
1771 2587 1952 2671 redderet,
1984 2585 2143 2678 reperitis

120 2708 245 2767 rentur
261 2709 366 2786 atque
383 2690 578 2782 ingeniosis
593 2689 765 2775 inventis,
790 2690 830 2757 in
845 2713 884 2761 ea
901 2688 1107 2780 praesertim
1158 2694 1285 2764 iisdem
1308 2696 1430 2763 eadem
1456 2693 1531 2781 lege
1553 2690 1691 2760 vicibus
1718 2688 1908 2760 continuo:
1946 2690 1994 2758 de
2019 2686 2144 2763 Lame

119 2810 269 2868 naturae
287 2808 403 2887 parte,
430 2816 520 2887 quae
534 2793 677 2882 longius
694 2815 714 2862 a
732 2803 928 2882 ‘conspectu
955 2790 1107 2883 seposita
1160 2819 1265 2866 cursu
1281 2819 1400 2866 annua
1414 2794 1601 2865 intervalla
1621 2793 1661 2864 in
1685 2805 1798 2863 certos
1813 2791 1912 2863 velut
1930 2790 2012 2862 fissa
2028 2792 2145 2882 diges-

120 2913 243 2972 nostro
267 2910 373 2990 atque
389 2897 540 2981 seclusa,
565 2894 685 2965 minus
708 2893 858 2986 perspici
880 2917 901 2963 a
918 2893 1046 2987 quovis
1074 2904 1109 2963 et
1159 2897 1205 2969 sit
1219 2899 1404 2979 articulos,
1419 2897 1558 2969 vitaeet
1572 2894 1774 2967 actionibus
1788 2893 1913 2986 populi
1925 2895 2143 2967 conuenien-

121 2998 352 3097 pervestigari
370 3011 497 3091 potest.
535 2996 604 3068 Vel
621 2996 740 3090 potius
754 3021 834 3068 curn
849 2995 1018 3085 religioni
1034 2996 1107 3087 pri-
1159 3014 1222 3072 tes.
1278 2996 1442 3093 Cumque
1466 2997 1744 3091 septimanarum
1766 2996 1973 3069 distributio
1995 2991 2142 3088 pulchro

121 3128 199 3174 mae
215 3117 249 3174 et
264 3101 531 3195 antiquissimae
547 3100 753 3191 impellente
775 3097 940 3183 diabolo,
966 3110 1109 3167 contra-
1160 3104 1203 3172 ad
1221 3101 1346 3172 Lunae
1367 3093 1498 3197 φάσεις
1519 3100 1732 3194 quadraret,
1756 3123 1847 3192 quae
1871 3098 1999 3190 primis
2012 3122 2035 3168 a
2048 3099 2142 3171 coitu

122 3207 176 3278 ria
200 3204 321 3275 omnia
345 3216 557 3286 statuerent,
591 3214 632 3274 ut
655 3199 743 3271 anni
767 3206 910 3294 quoque
931 3199 1107 3270 rationem
1160 3204 1287 3277 diebus
1320 3219 1488 3275 curvatur
1518 3202 1559 3272 in
1584 3225 1739 3280 cornua,
1771 3201 1923 3291 septimo
1948 3200 2141 3273 dimidium

121 3308 294 3379 variatam
311 3303 487 3375 institutis
511 3303 585 3374 suis
601 3303 926 3388 accommodarent,
951 3325 998 3373 ue
1020 3301 1107 3396 quid
1159 3307 1296 3400 profert
1318 3308 1459 3393 orbem,
1485 3305 1751 3398 decimoquarto
1773 3303 1832 3374 vel
1850 3302 2010 3388 circiter,
2035 3304 2140 3396 pleno

123 3409 275 3481 mutuati
299 3407 466 3498 apopulo
487 3403 575 3493 Dei,
599 3419 635 3476 et
658 3404 846 3476 retinuisse
867 3428 910 3475 ex
935 3405 1108 3495 praescri-
1160 3412 1247 3481 orbe
1269 3409 1430 3499 effulget:
1459 3432 1535 3478 non
1555 3408 1673 3500 ipsum
1698 3405 1917 3500 aequinoctii
1942 3404 2063 3491 diem,
2084 3406 2140 3499 sed

106 3526 184 3606 'pto
198 3510 267 3582 Dei
280 3522 314 3580 et
329 3509 595 3601 dispensatione
611 3507 828 3582 viderentur.
880 3504 956 3580 Nec
979 3531 1107 3600 parum
1160 3514 1253 3583 illud
1266 3515 1365 3605 qnod
1380 3511 1538 3602 proxime
1563 3511 1765 3581 succederet
1788 3507 2025 3580 interlunium
2049 3531 2142 3581 anno

122 3610 310 3707 baecjpsa
334 3612 594 3681 animadversio
620 3608 834 3703 collatioque
867 3624 902 3682 ct
931 3609 1109 3697 discretio,
1159 3613 1379 3707 principium
1414 3614 1582 3704 praebere
1616 3612 1746 3697 voluit,
1776 3624 1818 3683 ut
1850 3611 1914 3683 illa
1948 3610 2143 3685 variatione

121 3717 212 3791 lucis
228 3714 341 3786 adfert
354 3712 533 3789 annotatis
549 3707 794 3783 historiarum.
1161 3729 1340 3787 menstrua
1362 3715 1577 3806 effigiemm,
1610 3711 1715 3786 Luna
1743 3714 2030 3807 septimanarum
2050 3713 2143 3787 velut

222 3816 344 3889 Prima
359 3817 447 3886 citra
462 3813 739 3885 controversiam
755 3825 789 3883 et
804 3812 1040 3901 vetustissima
1057 3826 1110 3884 est
1162 3819 1330 3889 articulos
1346 3818 1570 3909 intersepiret
1586 3830 1621 3888 et
1635 3817 1848 3908 designaret

122 3919 210 3991 anui
238 3917 447 4010 descriptio,
476 3917 684 4010 notatioqne
718 3940 827 4010 quam
854 3916 988 4008 populo
1010 3913 1110 3988 Deras
1263 3917 1512 3993 Veruntamen
1528 3944 1574 3990 ne
1593 3915 1662 3990 hoc
1677 3919 1793 4011 ipsum
1814 3916 1904 3989 anni
1926 3918 2143 4011 principiu-

123 4024 199 4116 ipse
212 4044 277 4093 suo
295 4043 422 4112 magna
436 4019 607 4111 sapientia
622 4020 660 4089 in
677 4017 752 4089 dies
765 4018 873 4089 festos
887 4032 921 4088 et
937 4017 1110 4110 profestos
1163 4023 1309 4094 incertis
1324 4025 1507 4094 oberraret
1520 4023 1682 4107 sedibus,
1706 4035 1742 4091 et
1756 4034 1911 4115 quatuor
1926 4020 2017 4091 unsri
2032 4020 2144 4093 cardi·

124 4150 166 4196 ex
182 4124 310 4195 ordine
336 4136 370 4192 et
392 4123 468 4211 lege
484 4136 646 4193 motuum
661 4118 867 4191 coelestium
882 4120 1110 4193 distributam
1163 4147 1225 4195 nes
1240 4137 1508 4218 pervagaretur,
1532 4126 1632 4219 quod
1649 4123 1852 4204 accidisset,
1875 4122 1908 4193 si
1932 4147 1951 4193 a
1974 4120 2143 4196 solatar-

123 4226 288 4311 tradidit;
315 4247 426 4319 eaque
440 4224 566 4294 seriem
584 4237 785 4316 temporum
802 4223 1037 4317 aequabiliter
1052 4223 1110 4294 di·
1162 4250 1230 4297 nae
1250 4243 1352 4298 motu
1371 4227 1614 4320 dependisset,
1647 4240 1689 4298 ut
1714 4226 1860 4299 caeteris
1885 4226 2058 4316 gentibus
2081 4246 2145 4297 usu

125 4328 261 4421 stingui
277 4341 311 4397 et
326 4325 508 4397 numerari
524 4325 649 4396 voluit.
689 4322 1050 4415 Congruebatautem
1065 4329 1110 4397 ad
1163 4330 1282 4414 venit,
1309 4330 1415 4414 inde,
1441 4331 1535 4422 quod
1550 4329 1672 4401 Lunae
1688 4329 1875 4401 duodecim
1896 4327 2146 4401 conversiones

124 4429 274 4504 luminis
288 4428 473 4523 utriusque
493 4427 580 4499 solis
593 4426 769 4521 lunaeque
791 4427 959 4499 circuitus
976 4440 1011 4499 et
1024 4452 1111 4499 con·
1165 4457 1184 4500 a
1201 4430 1297 4503 Solis
1312 4431 1462 4525 periodo
1478 4432 1667 4516 deficiunt,
1693 4432 1788 4505 dieb.
1807 4432 1864 4504 to.
1878 4425 2145 4503 haeresem

50 4533 60 4539 ’
125 4534 317 4604 versiones.
368 4523 565 4601 inchoabat
587 4553 723 4599 annum
741 4530 895 4623 populus
911 4527 978 4601 Dei
997 4531 1042 4601 ab
1070 4555 1112 4602 eo
1164 4533 1259 4626 pulis
1281 4535 1407 4628 primis
1427 4534 1485 4605 11.
1505 4533 1741 4605 secundisid.
1763 4533 1878 4603 tertiis
1891 4528 1955 4603 48.
1980 4532 2146 4607 tredsc‘n

125 4633 341 4719 interlunio,
357 4634 455 4727 quod
472 4656 623 4703 vernum
639 4631 903 4726 aequinoctium
918 4655 1113 4728 conseque-
1166 4637 1314 4706 eandem
1339 4651 1521 4731 superant:
1548 4637 1672 4707 diebus
1692 4636 1750 4707 18.
1770 4631 1869 4706 boris
1897 4632 1957 4709 16.
1973 4634 2148 4728 smnpul‘n

125 4740 251 4824 batur,
277 4736 369 4807 etde
384 4733 508 4806 Lunae
524 4747 693 4829 tanquam
712 4734 899 4823 magistrae
922 4735 1114 4807 indicatio·
1166 4738 1291 4830 primis
1314 4734 1375 4812 45.
1438 4736 1575 4810 idcirco
1599 4754 1709 4810 metas
1729 4738 1984 4823 circumdedit,
2018 4738 2147 4832 quib·

126 4840 254 4923 nibus,
278 4839 323 4907 de
344 4836 724 4909 circumvolutionibus
746 4836 840 4918 cius,
868 4838 1113 4930 congressibus
1165 4841 1203 4910 id
1224 4842 1269 4912 ad
1292 4840 1557 4936 aequinoctium
1578 4864 1729 4911 vernum
1750 4854 1920 4932 tanquam
1947 4853 2088 4911 certum
2118 4853 2149 4913 n

128 4968 211 5015 cum
234 4938 338 5026 Sole,
364 4939 560 5011 recessibus
583 4941 630 5009 ab
643 4962 705 5024 co,
728 4940 1046 5012 constitutionibus
1071 4966 1113 5012 ex
1166 4945 1417 5038 conspicuum,
1441 4942 1659 5038 minimeque
1674 4942 1881 5015 tamsubito
1889 4941 2034 5013 varians
2050 4943 2148 5036 prin·

128 5047 320 5128 diametro,
344 5040 429 5112 inde
450 5041 621 5112 continua
644 5040 752 5127 serie,
773 5066 837 5113 ceu
854 5043 1004 5117 siventia
1022 5058 1113 5117 tem·
1168 5047 1302 5139 cipinm
1321 5044 1504 5126 astrinxit,
1531 5071 1601 5139 quo
1621 5047 1918 5130 admonerentur,
1938 5055 1981 5115 ut
2003 5045 2051 5115 de
2072 5069 2148 5117 cer·

127 5171 215 5241 pora
238 5146 278 5216 in
298 5144 511 5238 septimanas
523 5142 734 5231 dirimebat,
758 5167 840 5216 cum
862 5146 1037 5219 exercitiis
1058 5170 1115 5218 sa-
1167 5149 1212 5219 tis
1224 5146 1512 5241 praestitutisque
1527 5146 1623 5221 Solis
1638 5146 2149 5240 circumvolutionibusrpacia

128 5304 325 5319 ,........
1166 5250 1346 5342 periodica
1367 5248 1638 5341 distingoerent.
1697 5245 1833 5323 Eadem
1861 5272 1986 5322 rursus
2008 5250 2055 5321 de
2078 5248 2150 5322 bn·

162 5376 193 5441 s)
213 5372 244 5429 ta
262 5370 389 5429 nesam
408 5370 564 5439 amoueo
579 5366 837 5435 &mmmmm
1167 5376 1235 5423 nae
1267 5351 1475 5425 circuitibus
1503 5354 1550 5423 ad
1583 5374 1669 5424 usus
1696 5352 1863 5445 publicos
1896 5352 2149 5425 convenienter

118 1733 295 1818 stuppario
320 1726 377 1799 M.
408 1722 942 1897 mimalifwm'
978 1722 1106 1793 Salaci-
