4546 5760
114 133 197 251 ’ω
345 153 348 159 ’
629 100 631 105 ’
867 141 1198 245 canumuu
1244 171 1414 256 11111.

119 339 191 416 Hie
206 339 284 413 vidi
301 337 426 414 Musas
440 360 506 431 pro
520 333 690 409 Carmine
706 351 822 409 texere
834 354 926 412 serta

166 443 330 518 Praemia
342 441 472 514 victori
485 440 593 532 digna
608 434 785 511 loachime
800 440 880 517 tibi.

119 545 189 620 Hie
204 546 281 618 vidi
297 546 406 618 laetas
422 544 550 636 plausu
564 542 737 636 vultuque
750 545 893 617 canenti

169 647 322 745 Mycillo
338 641 476 719 Aonias
489 669 592 736 saepe
605 644 724 714 favere
738 642 845 721 Deas.

118 750 376 843 Socraticisque
389 749 476 819 iocis
491 742 551 819 hic
566 744 698 816 Micale
715 747 805 817 seria
820 749 957 833 condis,

167 847 427 946 Exacuuntque
441 850 531 922 sales
544 862 687 942 pectora
702 863 823 921 nostra
840 851 905 921 tui.

118 957 178 1032 Sic
192 958 288 1028 fama
304 967 357 1026 est
369 952 496 1025 lusisse
510 975 644 1036 senem,
668 976 749 1022 cum
765 952 857 1024 forte
868 954 1109 1028 subumbram
1132 996 1135 1024 t

166 1058 350 1132 Defessum
364 1053 500 1149 platani
514 1049 832 1126 Phaedresecutus
850 1079 937 1127 eras.

115 1159 187 1233 Hie
201 1175 263 1233 tua
278 1159 444 1232 convivas
458 1156 626 1228 facundia
642 1152 795 1249 Caspare
810 1159 931 1249 pascit,

165 1262 249 1336 Diis
265 1262 352 1355 ipsis
366 1260 472 1352 etiam
481 1255 509 1357 ¹)
525 1271 666 1329 nectare
679 1273 777 1349 grata
793 1261 915 1348 magis.
1031 1364 1033 1369 y

113 1358 206 1439 Cum
222 1365 403 1436 celebrent
418 1356 563 1433 hortum
578 1375 786 1432 vernantem
803 1362 888 1433 talia
905 1360 1034 1447 lonae,

42 1538 46 1546 ,
161 1467 304 1559 Lipsica
319 1466 407 1560 quid
424 1466 548 1537 laudas
565 1464 709 1557 praedia
725 1461 843 1536 Rusce
859 1461 975 1534 mihi?

127 1774 195 1849 No.
213 1768 277 1846 59.
680 1803 690 1816 ·
838 1776 1106 1858 (11111111525.)

105 1862 109 1870 .
122 1868 295 1902 w

182 1980 214 2038 ln
234 1981 334 2053 lamg.
345 1976 468 2105 {Sqerih
491 1978 520 2031 in
542 1990 606 2048 opp.
619 1975 682 2031 Bas.
700 1976 734 2032 Τ.
745 1980 781 2036 V.
799 1998 825 2050 p.
839 1978 900 2038 852.
935 1980 1019 2056 Apud
1034 1980 1106 2036 Vin.

215 2057 287 2108 cent.
305 2069 332 2123 p.
401 2088 409 2105 .

477 2204 538 2279 Ad
561 2209 757 2313 Pinum.-

113 2346 205 2420 Cum
222 2365 315 2414 nova
330 2341 477 2435 coepisti
490 2353 675 2411 contexere
691 2340 846 2411 carmina
859 2341 962 2426 Piue‚

163 2444 255 2537 Quis
270 2440 381 2531 mihi,
406 2438 572 2515 Phoebus
587 2443 657 2527 ait,
681 2442 815 2515 Marsis
828 2467 911 2514 rure
926 2447 1068 2539 strepit!

111 2545 219 2621 Anne
233 2549 363 2617 iterum
378 2546 508 2618 stultus
523 2558 625 2616 vocat
641 2546 679 2614 in
697 2547 889 2616 certamina
904 2547 1044 2621 Divos?

161 2648 336 2743 Quisquis
349 2670 404 2735 es,
429 2660 532 2717 exuta
547 2669 661 2738 poena
675 2647 808 2718 luenda
824 2662 903 2720 cute
919 2664 982 2726 est.

123 2956 189 3029 No.
204 2956 265 3031 60.
831 2965 910 3046 (fere
925 2988 975 3035 an.
993 2966 1102 3050 152⁵.)

112 3053 281 3080 Μ
836 3062 1099 3098 ’.κί’

179 3157 211 3213 ln
230 3157 328 3280 laqrag.
342 3156 434 3281 plepem
453 3163 480 3210 et
492 3155 521 3209 iu
535 3172 600 3226 opp.
613 3151 677 3209 Bes.
694 3153 729 3211 T.
738 3154 773 3210 V.
793 3175 821 3229 p.
835 3159 896 3216 352,
932 3161 1014 3231 Apud
1028 3160 1100 3218 vin.

210 3244 283 3283 een.
301 3242 328 3297 p.
391 3262 400 3281 .

473 3383 534 3458 Ad
564 3389 759 3460 Ionum
806 3442 809 3456 .

157 3523 315 3596 Coenam
330 3519 508 3611 negligere
523 3536 575 3593 est
589 3521 780 3614 piaculare,

158 3625 231 3698 Sed
244 3625 385 3719 qualem
401 3625 485 3693 dare
498 3616 642 3714 Apitius
656 3624 803 3698 solebat.

159 3726 297 3798 Verum
311 3748 378 3796 uos
393 3740 536 3796 tenuem
552 3727 658 3794 modo
674 3748 851 3817 paramus,

158 3827 312 3917 Qualem
327 3828 384 3898 vel
400 3825 541 3900 Samius
557 3849 664 3896 senex
680 3829 853 3919 pobasset,

160 3928 317 4001 Graecos
332 3930 394 3999 ille
408 3929 558 3999 docebat
573 3929 719 4002 esurire.

157 4026 196 4102 0
212 4056 287 4102 non
302 4026 494 4121 Theologis
511 4030 647 4102 bonum
667 4030 881 4120 magistrum.

155 4132 265 4205 Haud
274 4123 313 4227 ⁴)
331 4134 376 4202 ad
395 4133 462 4202 tale
478 4155 541 4222 ego
559 4134 751 4224 prandium
767 4135 891 4204 vocavi

154 4234 313 4308 Francae
329 4233 464 4304 lumina
479 4235 593 4323 gentis
607 4231 678 4306 huc
691 4258 859 4323 vocamus

156 4336 215 4409 Ad
230 4350 353 4422 notos,
379 4349 584 4430 veteresque
599 4352 634 4408 te
647 4337 798 4422 sodales,

49 4490 50 4493 κ
156 4439 275 4534 Atque
292 4433 358 4509 hac
372 4438 448 4530 lege
463 4439 585 4510 venire
598 4454 632 4510 te
647 4439 822 4523 iubemus,

154 4540 196 4613 Si
214 4566 288 4613 non
301 4538 387 4613 haec
399 4541 468 4613 tibi
483 4563 586 4634 parca
599 4565 722 4612 mensa
740 4543 869 4614 sordet.

117 4848 182 4921 No.
198 4844 261 4918 61.
826 4857 1095 4990 Q

111 4941 281 4973 m

173 5046 205 5101 ln
225 5046 326 5168 laqrag·
337 5043 431 5171 Ιδιεὶετ.
448 5056 476 5101 et
487 5047 516 5102 in
531 5067 596 5122 opp.
609 5049 670 5108 Bas.
688 5050 766 5110 ΤΝ.
788 5069 816 5124 p.
829 5049 891 5109 853.
925 5057 1007 5129 Apud
1026 5054 1093 5110 vin.

206 5135 277 5172 een.
296 5134 324 5188 p.

106 5226 329 5353 *iffa-{Deis
344 5286 433 5340 etiam
448 5287 578 5351 11111111.

138 5372 170 5439 *1
189 5368 290 5436 Haud]
306 5368 389 5425 Basil.
401 5367 474 5424 Huc.

1528 352 1589 428 Ad
1618 361 1793 436 ionum

1161 495 1325 573 Scribere
1350 526 1408 576 me
1434 516 1573 581 tantum
1602 506 1711 585 Crato
1735 515 1867 591 blanda
1890 515 2070 618 Epigram

1692 616 1795 691 iussit

1209 699 1381 800 Cecropio
1397 731 1488 806 quae
1500 713 1572 786 sint
1588 717 1706 789 dulcia
1724 723 1830 794 melle
1845 713 1959 819 magis
1967 720 2021 828 ').

1160 801 1338 894 Qualibus
1352 826 1413 884 aut
1429 829 1588 889 teneram
1605 818 1746 893 iuvenis
1761 829 1959 918 permulcet
1974 833 2070 906 amic

1209 905 1283 982 Aut
1299 937 1411 1005 puero
1426 919 1470 988 ad
1486 943 1595 991 cunas
1610 924 1730 1016 qualia
1747 942 1863 1002 cantat
1879 956 1984 1005 anus.

1159 1004 1288 1097 Qualia
1302 1017 1359 1086 vel
1373 1018 1472 1091 fatuo
1486 1024 1610 1096 vendit
1626 1022 1774 1100 Gnatho
1792 1030 1884 1105 dicta
1899 1030 2070 1112 Thrasou

1207 1111 1250 1183 ln
1266 1139 1369 1189 scena
1386 1122 1497 1193 risum
1513 1150 1594 1196 cum
1609 1127 1679 1200 ciet
1695 1144 1801 1227 atque
1816 1133 1925 1209 iocos.

1157 1210 1206 1285 Et
1220 1220 1335 1292 vetuit
1347 1223 1420 1294 sale
1436 1248 1498 1296 seu
1513 1231 1672 1301 mordaci
1686 1234 1821 1325 tingere
1837 1252 1948 1324 aceto,

1207 1318 1350 1393 Lecturi
1365 1326 1508 1401 irritent
1524 1356 1613 1426 quae
1628 1332 1848 1433 illiciantque
1863 1343 1997 1431 gulam.

1157 1412 1305 1513 Optime
1320 1424 1407 1499 lona
1423 1433 1523 1523 cupis
1538 1457 1678 1504 causam
1695 1461 1924 1533 cognoscere,
1950 1444 2053 1517 nulla
2067 1480 2070 1512 ι

1208 1521 1311 1597 Illius
1326 1529 1366 1599 in
1380 1545 1455 1604 toto
1472 1558 1619 1628 corpore
1636 1539 1725 1610 mica
1744 1544 1840 1613 salis.

1156 1734 2070 1773 Μ

1879 1891 1960 1971 (lere
1973 1915 2022 1962 an.
2040 1893 2070 1959 ll

1879 1988 2070 2025 W

1224 2084 1255 2140 ln
1277 2086 1375 2159 sarrag.
1388 2088 1477 2147 Seeer.
1497 2100 1525 2146 et
1541 2092 1571 2145 in
1587 2111 1653 2168 opp.
1666 2096 1728 2156 Bas.
1744 2098 1778 2152 Τ.
1789 2099 1820 2155 V.
1841 2120 1870 2174 p.
1881 2101 1943 2160 352
1980 2107 2061 2178 Aput

1256 2167 1330 2213 cent.
1345 2177 1373 2232 p.
1388 2159 1445 2212 110.

1442 2319 1501 2392 Ad
1531 2323 1854 2414 Spoletinum.

1253 2465 1392 2541 Nostris
1406 2469 1547 2545 Cordus
1564 2475 1602 2545 in
1619 2478 1766 2551 aedibus
1780 2482 1890 2555 Poie'ta

1253 2568 1448 2646 Prandehit
1460 2580 1588 2664 modo,
1612 2583 1745 2670 gratius
1761 2588 1822 2656 sed
1839 2588 1895 2657 illi

1228 2691 1231 2698 ·
1253 2671 1331 2746 Hoc
1348 2677 1509 2749 existimo
1526 2682 1714 2772 prandium
1728 2686 1890 2759 futurum
2026 2676 2031 2683 ¹

1251 2774 1292 2847 Si
1307 2789 1347 2847 tu
1364 2794 1529 2870 pervetus
1542 2783 1727 2879 utriusque
1744 2789 1890 2873 amicus,

1253 2875 1364 2957 Cordi
1381 2881 1513 2955 scilicet
1529 2900 1563 2956 et
1577 2887 1630 2958 tui
1648 2885 1818 2983 Philippi,

1251 2976 1414 3054 Conviva
1428 2984 1600 3069 adfueris,
1625 3007 1757 3065 vocant
1772 2995 1911 3066 sodales

1252 3078 1336 3170 Te,
1348 3086 1510 3179 quamvis
1524 3082 1750 3187 humilesque
1768 3120 2013 3195 pauperesque

1251 3177 1301 3257 At
1318 3209 1470 3278 quorum
1485 3190 1553 3261 tihi
1569 3195 1704 3264 candor
1720 3211 1771 3267 est
1784 3200 1956 3291 probatus

1251 3283 1332 3360 Non
1348 3313 1464 3381 nuper
1478 3289 1661 3385 Spalatine
1676 3299 1919 3396 cognitusque.

1251 3384 1392 3461 Codrus
1406 3393 1556 3497 forsitan
1574 3420 1648 3467 esse
1663 3394 1780 3471 Corde
1795 3427 1935 3495 posses,

1250 3487 1329 3562 lrus
1343 3495 1491 3566 forsitan
1507 3513 1542 3568 et
1557 3494 1745 3593 Philippus
1762 3528 1836 3574 esse

1248 3591 1389 3682 Posset,
1412 3598 1474 3668 sed
1488 3600 1609 3670 faciles
1625 3615 1815 3700 utrumque
1831 3605 1959 3678 Musae

1250 3691 1464 3783 Secernunt,
1491 3702 1621 3774 stolido
1636 3704 1867 3803 eximuutque
1882 3711 2002 3801 vulgo.

1147 4021 1291 4146 Q
1864 4043 1946 4125 (fere
1960 4068 2010 4113 111.
2027 4047 2070 4112 td

1872 4142 2070 4175 ‘w

1215 4224 1246 4279 ln
1261 4241 1323 4297 opp.
1336 4224 1417 4283 Basil.
1435 4225 1468 4284 Τ.
1482 4228 1515 4285 V.
1533 4249 1560 4301 p.
1571 4229 1633 4289 858.
1647 4244 1674 4289 et
1687 4238 1758 4308 apud
1775 4239 1856 4297 vine.
1875 4263 1902 4317 p.
1913 4249 1974 4307 181,
1990 4282 2025 4298 -
2056 4249 2070 4304 l

1247 4302 1351 4418 tucqut
1366 4294 1658 4384 Longicampianusd.
1673 4305 1700 4363 t.
1713 4308 1766 4362 lol.
1780 4310 1856 4367 1⁵26.
1895 4315 1957 4376 Vid.
1970 4339 2032 4395 epp.
2044 4320 2070 4374 vc

1245 4380 1273 4433 p·
1339 4398 1347 4420 ι
1865 4436 1867 4440 ⁴

1425 4529 1844 4655 Longioompiano.

1143 4670 1264 4747 Aurea
1280 4678 1367 4748 dent
1381 4680 1444 4750 alii
1457 4700 1689 4758 monumenta
1703 4685 1914 4794 Epyreaque
1931 4729 2027 4794 vasa,

1194 4777 1427 4853 Saturnalitia
1439 4782 1557 4864 Xenis
1572 4803 1669 4877 grata
1684 4789 1772 4869 Deo.

1144 4879 1217 4950 Nos
1234 4883 1387 4953 calamos
1401 4886 1537 4974 damus,
1561 4890 1725 4982 exiguum
1740 4896 1806 4969 tibi
1823 4925 1970 4995 munus,
1994 4878 2070 4985 hahi

1194 4979 1270 5054 Has
1285 4987 1378 5057 solas
1394 4989 1497 5060 nohis
1514 5012 1589 5061 esse
1604 4997 1747 5085 putabis
1760 5025 1856 5094 opes.

1144 5084 1200 5156 Sit
1214 5088 1321 5156 modo
1338 5091 1505 5162 donantis
1519 5117 1620 5164 mens
1635 5101 1806 5188 candida,
1831 5128 1936 5201 saepe
1949 5115 2060 5188 redire

1200 5186 1353 5259 Munere
1366 5216 1431 5283 pro
1446 5218 1557 5287 parvo
1575 5200 1685 5288 gratia
1701 5225 1828 5296 magna
1845 5212 1948 5289 sotet.

1115 5331 1119 5428 Ι
1177 5391 1208 5460 ¹⁸¹)
1226 5389 1333 5460 Uagia]
1345 5392 1407 5451 Bas.
1418 5406 1446 5451 et
1456 5396 1518 5454 See.
1529 5401 1629 5455 meh.-
