4546 5760
46 292 48 297 Κ
112 188 189 260 nr
702 179 1126 275 Qunusrrouns
1158 176 1568 271 ncaouurcan
1982 232 1989 240 -
2080 179 2151 261 ass

113 384 190 430 eam
204 380 278 428 nnn
295 357 409 427 solum
424 357 700 443 defendendam,
725 358 787 427 sed
809 357 914 429 etiam
935 359 1023 428 adeo
1044 380 1104 427 or·
1208 348 1384 437 Responsio
1412 348 1457 417 acl
1477 347 1697 449 mationem
1722 347 1926 435 propositam
1952 348 1995 419 de
2015 349 2103 419 Fato

114 464 288 544 nandam,
320 472 360 528 ut
391 459 583 549 sapientiae
605 457 673 529 Dei
701 471 735 530 et
756 459 1000 551 providentiae
1026 484 1103 529 eam
1591 432 1713 506 Sim·
1836 465 1840 469 ’

115 586 307 653 congruere
328 561 495 636 dixerint.
553 561 613 632 Sic
636 560 730 630 enim
754 562 1032 634 ratiocinantur:
1061 559 1104 630 ln
1259 553 1309 628 Ut
1323 557 1439 629 foetus
1454 556 1492 626 in
1507 556 1588 627 alvo
1609 560 1707 630 sedet
1728 559 1913 631 involutus
1934 559 2010 630 suis
2023 558 2148 631 fascio·

114 667 261 735 materia
275 678 311 734 et
328 663 616 754 generationibus
632 664 722 732 nulli
741 665 884 735 effectus
901 667 1009 750 liunt,
1034 663 1105 734 nisi
1158 658 1223 745 lis,
1248 673 1284 729 et
1304 660 1414 730 alitur
1435 674 1596 730 materno
1624 662 1713 732 lacte
1738 686 1801 754 per
1827 663 2073 757 cotyledones:
2103 663 2147 734 ita

114 767 293 860 prioribus
307 767 598 836 causisomnibus
611 769 919 838 concurrentibus:
948 766 996 840 Ut
1012 781 1103 837 terra
1157 785 1224 831 nos
1253 762 1293 830 in
1316 758 1472 832 Ecclesia
1497 763 1618 833 sedere
1648 764 1786 857 quietos
1816 766 2025 856 oportebat,
2059 766 2149 837 velut

115 869 228 960 gignit
239 870 376 957 fruges,
403 870 543 954 sedita,
564 894 643 938 cum
660 869 796 958 rigatur
807 871 852 940 ab
866 895 976 963 aqua,
1001 884 1034 939 et
1051 870 1106 938 fo·
1159 866 1340 958 involutos
1365 867 1471 934 verbo
1488 864 1572 949 Dei,
1591 878 1627 935 et
1647 867 1695 935 ali
1711 868 1836 937 divino
1856 868 1946 939 lacte
1960 892 2026 959 per
2044 866 2149 937 mini·

117 985 222 1042 vetur
242 972 288 1040 ab
310 985 407 1054 aere,
439 994 503 1041 nec
520 971 692 1040 elementa
716 986 801 1042 sunt
824 972 1009 1052 salutaria,
1035 971 1105 1039 nisi
1159 968 1304 1036 sterium
1329 961 1599 1056 Evangelicum,
1631 992 1697 1037 nec
1726 993 1891 1062 rumpere
1920 964 1986 1040 has
2012 973 2147 1041 nostrat

116 1099 135 1144 a
152 1072 288 1143 lumine
305 1086 338 1143 et
358 1086 459 1143 motu
475 1073 616 1144 coelesti
633 1073 704 1142 vim
722 1075 904 1166 accipiant.
955 1073 1028 1144 Nec
1049 1074 1106 1142 lu·
1158 1068 1338 1149 fasciolas,
1365 1083 1399 1138 et
1416 1092 1584 1163 quaerere
1600 1071 1803 1161 peregrinas
1818 1072 2017 1165 opiniones.

116 1201 200 1246 men
217 1188 252 1246 et
267 1187 384 1245 motus
396 1169 488 1245 ¹coeli
507 1189 687 1245 servarent
701 1176 886 1262 ordinem,
912 1178 981 1246 nisi
997 1201 1016 1246 a
1032 1175 1107 1268 pri·
1247 1169 1343 1240 Haec
1359 1171 1543 1261 diligentia
1560 1173 1768 1245 retinendae
1784 1177 1968 1246 doctrinae
1983 1172 2150 1260 coelestis

116 1303 174 1348 ma
193 1300 295 1348 causa
313 1292 520 1366 regerentur
532 1291 567 1348 et
582 1291 817 1350 servarentur.
857 1277 932 1349 lam
949 1280 979 1348 si
995 1280 1034 1347 in
1051 1273 1107 1347 his
1160 1287 1195 1344 et
1216 1273 1373 1344 officium
1397 1272 1472 1343 Deo
1496 1274 1733 1362 gratissimum
1761 1291 1832 1362 est,
1858 1292 1891 1348 ct
1913 1277 2083 1348 salutaris
2102 1289 2150 1349 est

117 1380 311 1451 necessaria
326 1392 378 1448 est
390 1381 562 1450 connexio
584 1404 788 1466 causarum,
815 1383 884 1453 erit
899 1394 935 1452 et
949 1404 1108 1451 necessa·
1161 1377 1254 1446 vitae
1271 1389 1423 1448 nostrae.
1457 1373 1614 1469 ldeoque
1627 1377 1755 1449 clamat
1770 1375 1964 1471 Propheta:
1988 1379 2149 1452 Lucerna

117 1484 169 1552 ria
187 1483 226 1550 in
240 1481 441 1551 actionibus
457 1477 635 1568 humanis,
660 1483 742 1577 qnia
758 1485 891 1577 alioqui
908 1487 1108 1554 destruere·
1161 1478 1311 1568 pedibus
1334 1479 1421 1547 meis
1442 1480 1589 1547 verbum
1606 1493 1722 1550 tuum.
1778 1481 1849 1554 Sed
1872 1495 2008 1552 mentes
2026 1477 2150 1553 hnma-

118 1600 177 1655 tur
201 1583 351 1676 species,
384 1583 453 1652 nisi
482 1598 517 1655 et
546 1585 620 1677 ipsa
649 1600 831 1674 regeretur
853 1600 885 1657 et
910 1598 1109 1657 servaretur
1162 1604 1228 1650 nae
1249 1580 1405 1649 mirabili
1421 1581 1575 1673 quadam
1590 1581 1732 1651 levitate
1753 1583 1857 1655 ludos
1871 1585 2055 1655 variarum
2075 1582 2150 1676 opi·

117 1686 275 1779 aprima
302 1710 417 1759 causa.
474 1685 567 1758 Cum
591 1702 708 1759 autem
734 1689 928 1759 necessaria
949 1688 994 1760 sit
1021 1712 1109 1757 con·
1162 1685 1461 1753 niouumamant.
1510 1683 1596 1752 Ideo
1613 1707 1687 1752 non
1701 1685 1817 1755 solum
1834 1688 1873 1755 in
1889 1682 2071 1773 Ecclesia,
2094 1686 2151 1757 sed

118 1788 223 1858 nexio
243 1812 450 1874 causarum,
470 1803 505 1860 et
520 1804 643 1878 agente
660 1792 884 1885 propinqua,
909 1793 982 1881 agit
1002 1791 1109 1860 etiam
1162 1786 1268 1857 etiam
1298 1784 1336 1853 in
1366 1779 1600 1876 Philosophia
1627 1800 1662 1856 et
1690 1788 1872 1859 communi
1893 1789 1989 1874 vita,
2023 1788 2153 1860 mutue

118 1891 253 1985 prima,
278 1890 439 1985 sequitur
461 1893 580 1962 omnia
606 1893 802 1961 necessario
826 1892 921 1979 lieri,
946 1917 1027 1962 cum
1051 1892 1111 1961 in·
1162 1899 1385 1980 portentosae
1414 1886 1603 1980 opiniones
1632 1910 1771 1980 semper
1806 1903 1949 1982 vagatae
1983 1905 2090 1977 sunt,
2120 1902 2153 1960 et

118 1992 320 2087 pulsionem
334 1991 494 2085 priorum
512 2017 694 2064 causarum
710 1990 890 2087 proximae
905 2007 1111 2089 sequantur.
1161 1990 1397 2085 vagabuntur.

1264 2090 1337 2160 Nec
1352 2104 1469 2161 tamen
1487 2090 1574 2162 sinit
1588 2113 1734 2183 prorsus
1750 2094 1910 2184 extingui
1925 2093 2025 2168 Deus
2040 2098 2152 2168 tum

1162 2193 1321 2266 veritatis
1339 2192 1377 2261 in
1392 2190 1549 2263 Ecclesia
1573 2217 1657 2276 sua,
1683 2195 1722 2264 in
1745 2220 1814 2290 qua
1829 2222 1910 2266 cum
1932 2200 2049 2293 aliqui
2063 2189 2153 2270 sem-

1162 2322 1227 2391 per
1247 2298 1408 2366 custodes
1425 2295 1581 2366 veritatis
1598 2311 1784 2378 maneant,
1811 2293 1940 2371 horum
1956 2325 2045 2373 voce
2060 2299 2154 2373 Dens

222 2125 374 2198 Addunt
390 2139 425 2196 et
443 2121 512 2196 hoc
527 2142 791 2217 argumentum:
820 2128 948 2200 Divina
970 2129 1110 2221 praevi-

121 2230 173 2300 sio
190 2242 225 2301 et
246 2227 494 2299 determinatio
512 2243 563 2299 est
590 2230 838 2301 immutabilis:
865 2227 999 2302 Omnia
1021 2233 1111 2327 finnt

118 2328 196 2404 Deo
211 2331 439 2422 praevidente
455 2346 490 2402 et
507 2333 781 2403 determinante:
808 2332 902 2405 Sunt
916 2333 1025 2424 igitur
1040 2330 1124 2402 im?

120 2433 309 2505 mutabiles
323 2447 358 2504 et
373 2434 560 2504 necessarii
579 2450 740 2508 eventus.
781 2432 830 2506 Et
846 2436 978 2506 multae
996 2450 1112 2506 muta-

121 2536 237 2608 tiones
256 2535 420 2627 publicac
441 2547 475 2605 et
496 2537 655 2629 privatae
676 2538 726 2607 sic
746 2537 933 2625 accidunt,
968 2551 1009 2609 ut
1025 2538 1112 2608 dili-

120 2638 276 2731 gentiam
304 2633 498 2707 humanam
524 2638 619 2708 vinci
648 2640 786 2709 arcanis
818 2641 931 2710 causis
961 2641 1113 2710 manife-

78 2800 82 2804 .
120 2757 215 2812 stum
230 2740 287 2812 sit.
340 2738 424 2809 ldeo
440 2740 557 2834 aliqua
576 2754 669 2811 certe
685 2741 783 2812 fatali
802 2742 1008 2814 necessitate
1029 2767 1111 2812 eve-

121 2843 199 2912 nire
217 2844 484 2913 concedendum
502 2857 564 2917 est.
625 2842 746 2933 Quare
763 2858 797 2914 et
814 2842 991 2915 Pindarus
1005 2844 1111 2915 dixit:

121 2943 250 3016 Fatum
280 2967 397 3039 neque
424 2943 518 3035 ignis
541 2968 657 3041 neque
684 2947 819 3017 ferreus
842 2970 967 3018 murus
994 2971 1113 3019 arcere

121 3060 248 3140 potest.

210 3180 308 3252 Haec
323 3205 405 3252 cum
420 3181 604 3272 splendide
620 3180 799 3270 dicuntur,
825 3183 1021 3257 multorum
1035 3185 1113 3256 ani-

124 3307 202 3354 mos
225 3295 381 3354 movent.
432 3282 502 3354 Sed
527 3284 566 3353 in
588 3285 780 3355 iudicando
800 3287 989 3377 prudentia
1009 3283 1114 3358 adhi-

122 3388 239 3456 benda
265 3399 333 3471 est,
365 3398 400 3455 et
418 3385 574 3478 primum
598 3388 880 3458 constantissime
906 3391 1113 3461 retinendae

123 3500 207 3560 sunt
223 3484 289 3557 hae
305 3491 395 3558 duae
411 3490 619 3559 sentcntiae:
645 3485 770 3559 Deum
784 3511 859 3561 esse
873 3515 988 3586 agens
1003 3488 1116 3561 liber-

126 3589 270 3662 rimum.
320 3585 469 3658 Deinde
485 3613 547 3660 nec
564 3587 652 3662 velle
664 3587 805 3680 Deum,
831 3617 893 3664 nec
908 3593 1115 3692 approhare

125 3714 188 3762 nec
208 3685 348 3792 efficere
369 3699 529 3788 peccata.
580 3692 752 3788 Sequitur
775 3719 879 3786 ergo,
903 3698 979 3767 lieri
1004 3698 1115 3769 actio-
1170 3729 1179 3746 ·

125 3818 188 3864 nes
222 3795 331 3864 malas
357 3794 529 3863 electione
560 3794 671 3865 libera
707 3791 883 3867 humanae
911 3799 1105 3871 voluntatis

126 3920 192 3967 nec
214 3896 355 3966 volente
380 3919 444 3965 nec
473 3896 695 3989 impellente,
727 3922 793 3968 nec
813 3899 1004 3971 adiuvante
1028 3900 1115 3971 Deo.

125 3998 209 4070 ldeo
232 3998 325 4069 Psal.
350 3999 486 4095 inquit:
525 3998 608 4071 Non
631 3998 727 4071 Deus
754 4000 969 4094 impietatem
993 4003 1116 4075 voleus

126 4114 165 4173 tu
181 4126 226 4172 es.

226 4234 307 4308 Etsi
336 4252 455 4308 autem
484 4249 569 4308 sunt
590 4236 702 4332 aliqui
730 4238 852 4310 fatales
877 4256 1042 4326 eventus,
1072 4243 1117 4311 de

1164 2400 1242 2470 vult
1260 2398 1399 2466 moneri
1424 2398 1597 2482 iuniores,
1629 2411 1670 2468 ut
1691 2401 1783 2470 feras
1805 2402 1998 2474 sententias
2017 2405 2154 2476 discant

1164 2514 1198 2571 et
1212 2500 1488 2590 amplectantur,
1513 2500 1602 2569 etin
1621 2502 1738 2590 agnita
1754 2503 1901 2573 veritate
1916 2506 2153 2600 acquiescant,

1163 2602 1240 2674 Deo
1257 2600 1385 2692 gratias
1399 2614 1515 2690 agant,
1534 2603 1631 2693 quod
1646 2603 1817 2673 immensa
1834 2606 1993 2677 bonitate
2005 2632 2050 2679 ex
2066 2609 2151 2681 celse

1163 2729 1241 2776 arce
1266 2728 1349 2790 sua,
1374 2704 1419 2772 ad
1442 2724 1507 2772 nos
1527 2703 1675 2774 miseros
1696 2707 1798 2799 quasi
1820 2710 2058 2797 descendens,
2082 2734 2152 2783 sese

1165 2806 1345 2900 patefecit,
1370 2818 1405 2875 et
1428 2829 1494 2875 nos
1513 2807 1666 2893 erudiit,
1691 2822 1725 2878 et
1748 2812 2016 2884 accommodent
2035 2836 2151 2885 veram

1164 2909 1362 2981 doctrinam
1383 2909 1428 2977 ad
1453 2908 1732 2995 invocationem,
1757 2922 1792 2980 et
1815 2914 1859 2981 ad
1882 2913 1974 3005 alius
1989 2938 2077 2986 usus
2098 2939 2149 2985 sa·

1165 3014 1313 3095 lutares‚
1339 3034 1403 3078 nec
1418 3009 1636 3102 applaudant
1648 3011 1728 3082 aliis
1747 3013 1979 3104 opinionibus
1992 3041 2152 3111 pugnan-

1167 3114 1263 3185 tibus
1277 3137 1358 3182 cum
1374 3111 1452 3181 luce
1469 3112 1603 3186 divina.

1267 3215 1339 3286 Sed
1361 3214 1588 3304 ingeniorum
1610 3215 1737 3286 levitas
1758 3230 1819 3290 aut
1841 3218 2055 3310 perversitas
2072 3215 2152 3293 haec

1167 3317 1308 3388 vincula
1323 3318 1445 3387 divina
1460 3340 1534 3385 non
1550 3318 1694 3409 patitur.
1747 3316 1831 3388 ldeo
1849 3320 1945 3391 velut
1961 3347 2061 3394 mare
2075 3325 2153 3395 sub·

1168 3422 1251 3492 inde
1267 3420 1347 3489 aliis
1363 3419 1477 3489 ventis
1502 3421 1682 3506 turbatur,
1708 3420 1758 3491 ita
1775 3422 1924 3494 varietas
1944 3424 2170 3516 opinionum¹

1167 3523 1319 3595 subinde
1335 3518 1526 3591 horribiles
1540 3534 1761 3613 tempestates
1777 3525 1816 3593 in
1829 3520 1986 3596 Ecclesia
2003 3529 2139 3602 excitat.

1267 3621 1315 3694 Et
1335 3623 1421 3693 haec
1444 3624 1519 3714 ipsa
1542 3625 1660 3694 Stoica
1682 3627 1931 3714 deliramenta,
1964 3629 2156 3725 dequibus

1168 3752 1239 3798 ram
1255 3727 1393 3810 dixisti,
1413 3727 1499 3796 olim
1515 3751 1656 3821 quoqne
1674 3728 1953 3820 perniciosarum
1968 3730 2156 3804 dissensio·

1105 3854 1116 3885 ν
1168 3856 1254 3900 num
1271 3831 1308 3898 in
1325 3825 1480 3899 Ecclesia
1497 3852 1621 3898 causae
1635 3830 1790 3901 fuerunt
1835 3829 2047 3904 Hincenim
2062 3833 2157 3906 Mar-

1168 3933 1281 4005 cionis
1305 3945 1341 4002 et
1362 3926 1655 4001 Manichaeorum
1680 3928 1763 4026 hyle
1786 3947 1864 4004 orta
1882 3947 1954 4020 est,
1976 3948 2014 4006 et
2041 3951 2158 4029 postea

1167 4034 1308 4126 saepius
1330 4035 1376 4104 ab
1393 4034 1492 4117 aliis,
1522 4047 1599 4103 uta
1615 4034 1796 4117 Vallensi,
1828 4036 2019 4109 necessitas
2042 4038 2157 4113 stote·
2179 4076 2185 4087 ·

1170 4140 1208 4209 in
1222 4133 1416 4208 Ecclesiam
1432 4136 1572 4207 invecta
1584 4148 1648 4210 est.

1271 4236 1349 4309 Etsi
1372 4253 1489 4310 autem
1513 4262 1610 4308 nrrnc
1633 4239 1800 4330 explicari
1823 4235 1910 4311 haec
1924 4243 2090 4336 quaestio
2105 4230 2187 4313 in-'¹

127 4339 258 4434 quibus
271 4338 449 4411 Pindarus
470 4340 650 4436 loquitur,
677 4354 718 4412 ut
733 4342 865 4412 multae
882 4356 967 4413 sunt
982 4367 1117 4435 poenae
1170 4353 1264 4431 tegre
1284 4365 1358 4411 non
1377 4355 1511 4433 potest,
1536 4355 1656 4412 tamen
1672 4342 1832 4411 iuniores
1848 4357 1883 4414 et
1905 4346 2106 4434 admoneo,
2126 4358 2159 4418 et

129 4442 291 4533 publicae
309 4458 343 4531 et
363 4443 538 4534 privatae,
564 4466 653 4536 quae
674 4437 830 4514 bumana
854 4445 1039 4536 diligentia
1063 4448 1115 4517 vi·
1171 4457 1315 4538 propter
1337 4443 1484 4533 gloriam
1507 4444 1577 4514 Dei
1603 4446 1780 4528 obtestor,
1813 4458 1853 4515 ut
1875 4459 2086 4519 constanter
2103 4470 2160 4520 ex·

128 4542 197 4613 tari
229 4569 303 4613 non
338 4560 503 4637 possunt,
538 4559 655 4617 tamen
687 4570 811 4617 causae
845 4561 1118 4637 antecesserunt,
1169 4548 1319 4641 plodant
1338 4545 1476 4618 Stoicos
1499 4546 1654 4630 furores,
1686 4560 1722 4617 et
1741 4560 1913 4634 statuant,
1944 4544 2067 4620 Deum
2083 4570 2161 4623 ress

130 4669 218 4739 quae
253 4646 359 4717 vitari
396 4661 571 4740 poterant.
630 4644 845 4744 Quanquam
879 4665 998 4722 autem
1033 4648 1118 4723 haee
1169 4672 1244 4723 esse
1264 4671 1369 4739 agens
1385 4649 1629 4733 liberrimum,
1654 4671 1876 4719 neccausam
1896 4653 2162 4727 essemslsrm

131 4748 288 4841 quaestio
320 4748 456 4839 integre
488 4751 526 4818 in
555 4745 623 4821 hac
649 4752 819 4841 temporis
851 4751 1012 4842 angustia
1043 4779 1118 4826 uon
1168 4751 1349 4824 actionum
1368 4750 1405 4820 in
1421 4745 1578 4823 homine.

128 4861 243 4941 potest
256 4849 433 4941 explicari,
455 4866 667 4924 tamencum
682 4853 771 4924 utile
786 4854 831 4926 sit
847 4855 1005 4927 iuniores
1020 4882 1118 4927 com·
1272 4853 1437 4924 Statuant
1452 4851 1568 4936 etiam,
1594 4847 1710 4921 Deum
1728 4850 1883 4922 voluisse
1896 4853 2077 4948 reliquam
2092 4876 2161 4927 etas

128 4950 326 5025 moneberi:
360 4946 439 5022 Oro
461 4956 578 5026 virum
602 4954 838 5027 clarissimum
861 4953 905 5030 D.
927 4955 1117 5030 Ductorem
1169 4956 1369 5027 libertatem
1391 4955 1565 5046 aliquam,
1598 4952 1637 5023 in
1662 4947 1729 5025 hac
1749 4979 1955 5048 quanquam
1976 4957 2109 5041 misera
2128 4967 2161 5029 et

131 5047 330 5147 Georgium
346 5047 558 5155 Mqr‘orem,
590 5072 632 5129 ut
649 5057 693 5126 de
717 5056 895 5128 solutione
917 5059 1118 5133 Stoicorum
1169 5061 1356 5152 depravata
1374 5053 1560 5128 hominum
1575 5070 1715 5141 natura,
1731 5072 1772 5128 nt
1785 5057 1976 5150 disciplina
1987 5060 2069 5153 regi
2082 5081 2160 5154 pos·

130 5173 417 5246 argumentorum
450 5158 588 5252 aliquid
610 5159 723 5244 dicat,
766 5173 800 5229 et
824 5184 887 5230 suo
913 5162 1119 5233 testimonio
1168 5173 1239 5245 set,
1275 5160 1314 5229 in
1341 5183 1410 5252 qua
1442 5160 1531 5228 adeo
1558 5172 1716 5230 nostram
1742 5159 1985 5231 obedientiam
2012 5161 2161 5259 requirit

128 5261 307 5343 ostendat,
344 5255 437 5330 hanc
470 5255 626 5332 scholam
660 5285 680 5332 a
714 5259 844 5334 Stoicis
877 5263 1119 5337 deliramentis
1169 5262 1266 5333 Deus
1285 5263 1332 5332 ab
1347 5261 1538 5347 omnibus,
1558 5275 1601 5332 ut
1617 5261 1840 5334 terribilibus
1854 5263 2029 5358 exemplis
2042 5267 2083 5338 in
2098 5261 2158 5338 hrt

128 5355 332 5436 abhorrere.
1168 5364 1242 5437 rita
1258 5362 1466 5458 disciplinae
1480 5362 1711 5437 violationem
1726 5363 1865 5458 puniat.
