4546 5760
99 168 184 247 HS
474 162 731 245 SCRIPTA
760 159 836 241 An
862 160 1064 237 Vtram
1091 156 1166 236 ΕΤ
1199 158 1794 243 ΟΒΙΙῙῖΙῙΜῖΜΕῐιΑΝἝΗ.;
2064 164 2152 245 m

98 362 205 411 narn
200 339 357 411 medico
385 339 542 427 faciunt,
573 342 635 411 sed
666 352 814 410 eventus
835 351 956 429 postea
977 336 1102 406 docuit
1150 336 1235 407 illae
1254 337 1435 409 eiusmodi
1457 338 1599 425 fierent,
1629 352 1782 409 mortem
1803 338 2040 429 significarent
2064 360 2144 409 ser·

98 440 295 513 esseillam
310 436 453 540 κρίσιν,
464 452 514 514 ιιι
527 442 658 513 medici
672 443 871 562 loquuntur
884 439 1037 531 ἐλλειπῆ.
1149 438 1341 527 tissimam,
1371 440 1529 513 calculus
1550 454 1668 513 tamen
1694 437 1763 511 boc
1781 454 1856 512 toto
1872 455 2031 531 tempore
2046 438 2143 511 eisi-

118 596 125 603 ·
207 542 344 617 Tristia
359 559 476 615 nmen
493 544 773 637 erantinprimis
786 543 878 612 illud
898 542 1041 630 nigrum
1060 539 1100 610 in
1149 542 1227 611 mul
1249 544 1421 615 molestus
1444 566 1535 629 ιιιι,
1567 557 1602 614 ιι
1625 543 1792 616 arenulae
1815 542 1984 612 omnibus
2015 540 2142 613 diebus

98 649 355 732 amends,
387 662 423 719 et
440 649 538 741 quod
562 661 641 739 post
662 668 912 764 paroxysmum
928 666 1008 713 cum
1024 642 1100 712 col·
1150 643 1291 734 copiose
1313 647 1473 731 excerni,
1498 646 1651 739 quadam
1671 646 1779 715 etiam
1795 645 1855 715 die
1868 668 1910 714 ιι
1925 644 2149 735 praeeeden·.

98 748 257 821 locato
245 773 286 819 ιιι
307 750 432 820 sellam
451 764 534 820 ante
555 749 726 821 lectulum
742 749 844 819 cibus
861 770 892 817 ιι
882 744 1099 837 praebere
1149 744 1277 815 tibus'
1266 772 1341 838 ipse
1365 768 1476 816 manu
1496 770 1558 817 sua
1583 761 1743 836 ereptum
1765 747 1942 817 calculum
1972 745 2142 817 dimidiae

98 866 179 935 tur,
209 852 384 947 quicquid
405 866 617 923 assumserat
642 852 760 922 statim
783 849 1004 931 revomebat,
1030 841 1099 915 boc
1148 848 1259 917 ferme
1274 850 1464 921 lenticulae
1478 850 1725 939 magnitudine
1740 850 1910 919 afferebat
1926 860 1961 918 et
1974 848 2149 918 orendo..

99 952 219 1039 enirn,
250 970 470 1046 quantopere
493 953 685 1025 ventriculi
706 953 820 1022 virtus
844 950 976 1021 afflicta
997 960 1099 1032 esset,
1148 950 1209 1020 bat
1232 953 1367 1026 amicis.
1418 950 1526 1021 'l'ales
1549 952 1658 1042 igitur
1672 952 1798 1021 ιιιίιιιι
1815 976 1897 1023 cum
1912 949 2061 1020 luissent
2076 971 2143 1019 an-

98 1054 294 1147 argrrebat,
316 1057 522 1149 praesertim
548 1080 629 1126 cum
650 1080 728 1125 eum
747 1054 867 1125 cibum
884 1052 1022 1122 vomitu
1039 1074 1097 1120 re-
1147 1064 1222 1139 tea,
1247 1048 1316 1124 boc
1331 1069 1489 1146 tempore
1503 1049 1571 1124 hae
1588 1078 1729 1147 quoque
1742 1054 1892 1138 mutari,
1916 1075 2035 1145 neque
2049 1050 2141 1120 illud

98 1158 245 1244 iiccrer,
284 1184 357 1253 quo
386 1158 530 1228 suavius
557 1182 664 1251 quam
686 1158 762 1228 ullo
786 1156 857 1227 alio
878 1154 950 1224 illis
972 1154 1097 1223 diebus
1147 1155 1364 1227 feculentum
1379 1172 1414 1227 et
1427 1181 1567 1248 prceum
1582 1158 1626 1225 de
1641 1179 1713 1250 quo
1729 1179 1834 1250 supra
1850 1155 2031 1226 diximus
2020 1175 2060 1222 ιιι
2075 1148 2143 1237 bis,

98 1260 197 1331 vesci
219 1260 377 1346 solebat,
400 1260 463 1353 qui
485 1273 560 1331 erat
575 1261 755 1329 fructuum
771 1282 895 1329 eorum
909 1281 972 1351 qur
960 1256 1096 1326 limo·
1145 1282 1263 1352 neque
1287 1260 1455 1329 arenulae
1477 1258 1589 1348 magis
1617 1281 1787 1351 apparere
1813 1272 1848 1328 et
1874 1256 2040 1328 turbidae
2066 1277 2142 1325 esse

98 1386 164 1433 nes
176 1361 458 1435 voranturcocti
473 1386 554 1432 cum
570 1360 654 1431 vino
670 1376 704 1432 et
718 1386 820 1432 croco
834 1382 988 1450 asperso,
1009 1352 1097 1428 baec
1147 1360 1326 1447 desinere,
1352 1363 1412 1430 sed
1437 1360 1607 1454 limpidae
1631 1376 1736 1453 atque
1758 1361 1849 1429 bene
1863 1359 2041 1429 coloratae
2054 1380 2142 1427 con·

97 1464 237 1537 fiebant
265 1479 346 1557 post
368 1460 494 1536 boram
517 1464 615 1534 illius
639 1464 712 1534 diei
735 1461 1017 1556 pomeridianam
1041 1485 1097 1530 se-
1146 1462 1255 1554 spici‚
1281 1488 1362 1534 cum
1386 1463 1426 1532 in
1447 1476 1600 1533 extrema
1623 1462 1807 1534 debilitate
1824 1477 1951 1533 natura
1967 1461 2008 1529 in
2021 1459 2141 1530 morbi

98 1568 269 1640 tundam.
328 1565 496 1638 Postea
485 1590 523 1635 m
553 1567 723 1637 lectulum
746 1587 908 1636 reversus
926 1561 1097 1633 dormivit
1147 1566 1331 1635 materiam
1352 1559 1446 1634 nibil
1473 1588 1617 1635 suarum
1649 1565 1783 1635 virium
1814 1575 2012 1653 exerceret,
2052 1557 2141 1631 baec
2182 1570 2189 1589 ”

97 1670 274 1763 usquead
292 1669 469 1789 quintam,
494 1683 529 1739 et
546 1681 621 1739 tum
640 1669 679 1737 in
695 1667 899 1739 cubiculum
913 1689 950 1735 sc
967 1662 1096 1734 deduci
1146 1666 1256 1757 igitur
1270 1668 1391 1737 omnia
1408 1667 1527 1761 qualia
1543 1682 1658 1737 essent
1672 1667 1775 1736 facile
1792 1666 2075 1755 intelligebatur,
2099 1675 2140 1734 ut

96 1770 237 1857 voluit,
259 1770 359 1842 ubi
347 1772 455 1842 tacuit
474 1794 588 1865 usque
610 1772 654 1839 ad
679 1769 773 1840 diem
789 1782 1012 1864 sequentem,
1036 1789 1096 1835 ea·
1146 1771 1191 1839 de
1209 1770 1283 1841 vita
1307 1770 1378 1839 iam
1401 1792 1548 1861 prorsus
1567 1771 1747 1861 desperari
1769 1769 1996 1861 inciperetur.
2058 1762 2139 1856 lpse

98 1897 169 1967 que
191 1887 300 1944 nocte
324 1896 468 1943 somnos
490 1873 652 1965 capiebat
672 1897 746 1943 non
778 1873 923 1961 longos,
956 1868 1096 1987 aliquos
1146 1872 1253 1941 etiam
1275 1885 1456 1967 aegrotus,
1482 1872 1548 1942 etsi
1571 1885 1607 1941 et
1630 1885 1755 1958 antea,
1781 1872 1939 1941 sedtum
1961 1867 2075 1958 magis
2090 1868 2138 1937 ad

96 1990 240 2061 nmen,
290 1972 362 2045 Sed
391 1975 424 2045 ei
456 1989 529 2046 tota
551 1975 668 2064 gravis
688 1976 777 2061 fuit,
809 1998 878 2068 qua
901 1972 1022 2042 omnia
1046 1971 1096 2040 sic
1147 1989 1297 2048 mortem
1317 1999 1353 2045 se
1370 1988 1532 2067 paratum
1554 1975 1676 2042 auimo
1694 1987 1729 2044 et
1745 1974 1929 2043 voluntate
1947 1970 2139 2063 profiteba-

96 2077 380 2161 montesacro,
418 2091 458 2148 ut
486 2090 703 2147 metueretur
725 2100 771 2147 ne
795 2076 966 2167 septimus
989 2096 1096 2165 paro·
1145 2091 1224 2162 tur,
1257 2100 1409 2172 cumque
1430 2092 1511 2147 ante
1535 2077 1704 2146 lectulum
1725 2074 1852 2146 Pastor
1869 2073 2050 2145 Ecclesiae
2069 2094 2137 2142 no-

96 2202 245 2275 xysmus
280 2180 451 2273 quicquid
486 2172 603 2249 adhuc
636 2180 814 2273 reliquum
848 2191 937 2248 esset
962 2176 1094 2245 virium
1146 2193 1238 2249 strae
1258 2205 1329 2251 una
1354 2205 1435 2250 cum
1450 2179 1531 2247 aliis
1548 2180 1615 2249 sub
1634 2174 1758 2247 boram
1772 2177 1870 2249 illius
1885 2178 1959 2249 diei
1974 2188 2137 2247 octavam

97 2304 206 2353 omne
240 2295 482 2366 consumeret,
516 2281 553 2350 id
581 2283 678 2375 quod
711 2295 746 2351 et
769 2281 908 2353 accidit.
972 2276 1095 2369 ltaque
1145 2286 1292 2368 astaret,
1324 2284 1369 2351 de
1401 2275 1467 2352 bac
1493 2286 1617 2352 eadem
1645 2308 1701 2365 re,
1736 2298 1771 2354 ιι
1793 2283 1890 2377 quod
1916 2283 1959 2350 ad
1983 2292 2137 2348 mortem

96 2382 328 2454 metuebatur
357 2383 432 2453 dies
463 2383 563 2452 illius
584 2384 818 2474 postridiana.
878 2379 957 2473 lpse
989 2379 1094 2449 etiam
1146 2398 1234 2455 esset
1257 2384 1378 2453 animo
1401 2385 1627 2469 confirmato,
1666 2389 1773 2453 verba
1797 2384 1965 2467 faciebat,
1997 2394 2031 2450 et
2046 2403 2138 2451 mox

97 2498 263 2575 aegrotus
294 2485 401 2553 finem
430 2509 541 2576 prope
564 2509 638 2554 esse
658 2485 777 2554 dicere
799 2498 833 2555 et
857 2484 952 2553 inter
974 2504 1095 2573 preces
1146 2486 1280 2579 inquit:
1314 2482 1392 2577 Ego
1406 2483 1474 2555 Dei
1498 2488 1670 2557 beneficio
1685 2487 1826 2556 nullum
1845 2480 1958 2555 babeo
1975 2483 2138 2553 dolorem

96 2608 180 2659 suas
203 2586 414 2659 exclamare:
449 2584 605 2657 Domine
626 2588 822 2673 factinem,
848 2610 955 2679 quam
972 2607 1093 2653 vocem
1145 2590 1399 2675 domesticum,
1441 2614 1512 2681 quo
1537 2591 1608 2658 iam
1633 2589 1858 2680 peculiariter
1880 2610 1999 2678 angar.
2057 2579 2138 2654 Etsi

95 2684 307 2761 Erasmum
321 2686 603 2761 Roterodamum
629 2692 668 2757 in
694 2713 859 2782 supremo
881 2689 945 2757 illo
967 2687 1094 2755 morbo
1146 2686 1236 2760 mibi
1258 2706 1382 2784 neptes
1406 2705 1442 2761 et
1466 2704 1612 2783 nepotes
1637 2687 1697 2761 hic
1711 2691 1928 2761 anteoculos
1945 2691 2138 2759 obversan-

96 2816 163 2863 ⁸ss⁰
191 2814 401 2883 ⁰³⁰1P³⁸⁵02
434 2792 538 2862 ss0bl⁵
568 2792 760 2872 referebat,
791 2793 834 2860 ad
866 2789 1094 2859 novilunium
1145 2808 1223 2878 tur,
1250 2818 1339 2887 quos
1360 2795 1527 2863 ardenter
1545 2794 1675 2883 diligo,
1700 2807 1819 2864 tamen
1841 2817 1897 2861 me
1917 2788 1985 2861 hoc
2010 2812 2137 2861 conso-

95 2907 220 2966 ΜΕΝ
253 2896 351 2987 quod
385 2893 613 2984 impendebat
645 2896 689 2963 {td
713 2894 809 2964 diem
834 2893 879 2963 ab
900 2917 961 2973 ΕΟ,
995 2891 1095 2960 cuius
1144 2898 1257 2982 latur,
1291 2898 1387 2988 quod
1410 2896 1488 2986 pios
1511 2910 1675 2986 parentes
1697 2891 1852 2979 babent,
1878 2918 1968 2988 quos
1988 2907 2022 2963 et
2043 2894 2139 2983 ipsos

94 2990 250 3067 historia
265 2995 389 3065 iamin
402 2997 568 3066 manibus
583 3010 652 3081 est,
678 2998 862 3086 septimam
878 2996 921 3064 de
936 2992 1093 3085 periculo
1145 2997 1276 3087 diligo,
1306 2999 1368 3091 qni
1392 3022 1497 3067 curae
1524 2998 1606 3066 illos
1631 2998 1699 3066 sibi
1724 3021 1797 3067 esse
1819 2998 2020 3086 patientur,
2047 2993 2141 3063 sicut

97 3120 163 3169 suo
186 3097 431 3183 ominabatur,
462 3102 523 3168 sed
547 3099 655 3166 nimis
679 3099 811 3168 multae
836 3120 960 3166 causae
981 3109 1095 3175 eraut,
1145 3094 1237 3168 mibi
1257 3095 1429 3171 hactenus
1449 3100 1613 3180 suerunt,
1646 3102 1732 3169 dum
1752 3099 1865 3168 valui:
1899 3098 1970 3169 Sed
1993 3095 2138 3188 publica

97 3224 191 3295 quae
220 3200 269 3275 ad
299 3199 390 3267 illud
420 3223 532 3293 usque
565 3215 703 3291 tempus
729 3199 898 3269 sustineri
930 3197 1093 3267 morbum
1145 3202 1394 3286 measficiunt‚
1418 3202 1586 3291 inprimis
1602 3226 1748 3295 eaquae
1766 3197 1834 3270 boc
1850 3199 1945 3270 malo
1961 3214 1996 3270 et
2016 3193 2139 3288 sophi-

96 3324 202 3395 posse
217 3325 292 3372 non
310 3301 474 3371 sinebant
489 3326 641 3393 sperare
694 3299 816 3394 ltaque
832 3300 996 3370 instantis
1012 3322 1094 3392 par·
1146 3305 1233 3373 stico
1262 3305 1381 3373 seculo
1406 3305 1444 3371 iu
1466 3300 1623 3373 Ecclesia
1648 3318 1937 3389 commoventur,
1975 3301 2047 3372 Sed
2069 3296 2137 3368 Dei
2181 3352 2184 3359 .

96 3404 237 3500 oxysmi
267 3404 485 3495 postridiana
515 3402 765 3473 metuebatur²
770 3402 816 3497 ),
862 3416 904 3473 ιιι
928 3401 1095 3484 diximus,
1146 3405 1317 3474 beneficio
1340 3407 1502 3476 doctrina
1527 3420 1649 3475 nostra
1667 3408 1838 3497 explicata
1854 3419 1916 3475 est.
1967 3399 2016 3473 Et
2030 3402 2138 3493 paulo

97 3530 208 3601 quam
223 3518 344 3577 tamen
359 3520 394 3575 et
409 3506 521 3597 ipsam
537 3530 636 3575 mors
648 3521 687 3576 ut
698 3507 865 3575 audietur
878 3502 1093 3593 anticipavit
1146 3519 1225 3596 post
1246 3530 1438 3576 conversus
1462 3510 1505 3575 ad
1531 3522 1683 3577 astantes
1704 3510 1876 3599 quosdam
1905 3506 2010 3589 alios,
2043 3500 2140 3573 Deus

97 3606 238 3679 Mane
226 3607 337 3697 igitur
351 3607 422 3677 dier
439 3609 631 3701 sequentis,
657 3632 747 3702 quae
763 3608 833 3678 furt
846 3606 981 3676 decima
999 3618 1094 3674 octa-
1145 3608 1281 3701 inquit,
1314 3609 1407 3677 vires
1429 3609 1600 3698 largiatur
1622 3609 1724 3677 vobis
1748 3610 1938 3677 iuvenibus
1963 3621 2000 3677 et
2022 3596 2141 3676 videte

96 3734 142 3781 va
156 3704 299 3801 Aprilis
314 3724 349 3779 et
366 3707 515 3783 Caleud
529 3708 619 3779 Maii
646 3710 783 3781 decima
805 3734 865 3802 qu
856 3723 949 3791 arta
975 3730 1095 3777 surre·
1145 3724 1186 3781 ιιι
1210 3725 1301 3780 ιιιιι
1324 3704 1380 3780 bis
1399 3711 1561 3780 utamini.
1613 3706 1748 3780 Eadem
1775 3712 1833 3779 die
1857 3725 1891 3782 et
1913 3735 1953 3779 ex
1973 3710 2139 3800 neptibus

97 3812 151 3885 xit
170 3806 263 3883 bora
285 3824 411 3905 quarta
434 3827 466 3882 et
482 3813 525 3880 ad
541 3812 738 3883 lectulum
728 3836 766 3879 m
782 3834 925 3881 musaeo
942 3809 1093 3880 alterum
1145 3812 1294 3882 filiolam
1316 3827 1403 3883 natu
1420 3814 1609 3883 maximam
1626 3836 1744 3903 generi
1736 3811 1909 3882 Peuceri
1926 3827 2009 3883 ante
2027 3813 2138 3880 lectu·

98 3914 426 4003 decubitusdiumi
441 3916 614 3985 deductus
631 3928 694 3999 est,
722 3914 870 3982 ibicum
886 3936 1002 4004 neque
1016 3909 1095 3979 ani·
1145 3916 1221 3985 ium
1242 3916 1490 3986 obversantem
1513 3915 1563 3985 sic
1587 3917 1789 4005 compellat,
1820 3928 1861 3985 ιιι
1884 3915 1947 4007 qui
1970 3938 2048 3983 eam
2072 3938 2139 4004 po·

97 4040 159 4087 mn
183 4014 320 4087 deiecto
341 4015 523 4086 videretur
537 4031 572 4087 et
587 4017 749 4085 sensibus
764 4028 924 4085 uteretur
939 4015 1095 4103 integer·
1146 4030 1315 4089 stremum
1331 4019 1517 4088 salutaret:
1543 4014 1622 4108 Ego
1635 4017 1743 4086 dilexi
1759 4032 1794 4087 te
1809 4018 1939 4109 inquit,
1965 4040 2041 4085 mea
2055 4016 2141 4101 filia,

98 4116 223 4204 rimis,
249 4116 380 4187 virium
404 4131 523 4187 tamen
540 4118 765 4188 imbecillitas
781 4110 1095 4204 admodum'auge·
1145 4119 1227 4187 vide
1246 4132 1286 4188 ut
1300 4120 1394 4190 colas
1411 4134 1574 4211 parentes
1590 4133 1670 4190 tuos
1684 4132 1720 4188 et
1736 4119 1910 4209 morigera
1927 4120 1978 4188 eis
1990 4118 2090 4187 vivas
2105 4134 2139 4188 et

98 4220 232 4294 scebat.
262 4216 341 4289 Hac
356 4217 466 4309 igitur
481 4222 525 4290 de
540 4244 641 4290 causa
657 4220 881 4291 lectulusille
898 4219 936 4287 in
951 4241 1094 4288 musaeo
1145 4220 1271 4292 timeas
1285 4217 1421 4307 Deum,
1447 4222 1477 4290 is
1499 4236 1533 4291 te
1555 4245 1629 4292 non
1648 4224 1795 4295 deseret.
1849 4220 2032 4292 Huncoro
2049 4232 2139 4289 utte

99 4322 280 4415 apariete
302 4323 539 4392 removendus
561 4335 635 4393 erat
658 4338 692 4392 ιι
712 4324 760 4393 ita
784 4321 1028 4405 collocandus,
1054 4334 1095 4390 ut
1148 4337 1288 4394 tueatur
1315 4339 1350 4396 et
1376 4325 1562 4395 benedicat
1585 4324 1663 4394 tibi.
1730 4320 1893 4393 Caeteras
1918 4325 2021 4394 etiam
2048 4335 2139 4391 natu

98 4424 263 4517 utrisque
279 4446 299 4493 a
318 4424 479 4515 partibus
494 4448 650 4494 accessus
667 4427 710 4494 ad
729 4449 810 4492 eum
826 4436 971 4516 pateret,
998 4423 1094 4515 quod
1128 4425 1301 4511 ¹minores
1327 4425 1539 4496 familiarius
1561 4428 1879 4519 complectebatur,
1906 4424 1998 4493 tiliae
2019 4439 2138 4495 autem

97 4540 222 4599 tamen
242 4525 504 4597 incommodior
528 4526 588 4596 ille
615 4528 813 4609 videretur,
847 4548 992 4616 prorsus
1018 4537 1093 4594 tum
1145 4529 1416 4598 commendabat
1445 4530 1633 4615 maritum,
1670 4528 1861 4620 omniaque
1893 4525 1941 4596 ita
1965 4526 2082 4596 dicere
2103 4540 2138 4597 et

97 4642 258 4701 remotus
282 4628 370 4712 suit,
395 4642 443 4699 et.
454 4630 629 4722 repositus
645 4630 736 4700 alius
753 4631 797 4698 de
814 4652 941 4717 genere
959 4650 1094 4706 eorum,
1144 4630 1258 4699 iacere
1266 4682 1282 4718 ,
1307 4644 1348 4700 ut
1370 4630 1431 4724 qui
1451 4655 1493 4699 ιιι
1507 4625 1574 4701 Ιιιι
1591 4633 1663 4702 vita
1679 4632 1913 4717 migraturum
1930 4651 1966 4697 se
1980 4629 2152 4703 sentiret.-

98 4730 165 4827 qui
178 4730 323 4800 viatorii
337 4754 356 4799 a
370 4732 502 4801 nostris
518 4727 723 4801 bominibus
739 4731 974 4823 appellantur,
998 4730 1108 4823 quod.
1146 4730 1386 4803 Mittebantur
1407 4735 1527 4803 eadem
1551 4735 1609 4802 die
1632 4735 1755 4802 literae
1771 4728 1814 4799 ad
1833 4726 2053 4800 loacbimnm
2067 4728 2136 4800 Ca·

96 4832 139 4903 in
165 4832 358 4905 itineribus
381 4833 506 4903 talium
521 4856 606 4903 usus
623 4834 680 4904 sit.
732 4832 775 4903 ln
793 4828 984 4902 hunccum
1005 4843 1093 4900 esset
1145 4832 1520 4925 merariumLipsiam,
1547 4837 1677 4928 quibus
1689 4833 1911 4903 scribebatur
1926 4834 1978 4918 ei,
2004 4834 2034 4901 si
2048 4829 2136 4901 Phi-

97 4935 313 5017 collocatus,
350 4929 410 5003 bic
429 4936 548 5028 inquit
572 4937 742 5006 viatorius
766 4935 915 5005 lectulus
937 4934 1094 5025 appella·
1146 4936 1282 5026 lippum
1299 4934 1567 5008 Melantbouem
1591 4939 1710 5005 vivum
1734 4936 1854 5004 videre
1874 4937 1998 5019 vellet,
2023 4948 2136 5001 utre-

95 5051 181 5119 tur‚
206 5038 292 5130 quid
310 5037 342 5105 si
358 5037 395 5105 in
411 5032 479 5107 boc
492 5039 654 5128 migrem.
706 5037 935 5109 Urinaeante
953 5038 1095 5105 fuerant
1145 5038 1346 5107 versionem
1372 5043 1415 5110 ad
1440 5063 1506 5108 nos
1531 5040 1754 5121 acceleraret,
1781 5039 1844 5107 etsi
1860 5037 2065 5107 tabellarius
2082 5058 2137 5102 se-

96 5140 283 5224 turbidae,
323 5153 363 5209 ut
386 5140 558 5225 diximus,
591 5154 625 5210 et
650 5141 737 5210 tales
761 5154 802 5211 ut
821 5141 892 5209 nisi
917 5164 936 5209 a
958 5138 1093 5207 calculo
1145 5140 1221 5209 rius
1244 5162 1402 5228 egressus
1428 5166 1534 5235 quam
1557 5142 1768 5231 promiserat
1791 5142 1910 5211 literas
1932 5140 2012 5207 illas
2033 5137 2135 5209 tertia

1145 5242 1301 5333 primum
1335 5245 1394 5312 die
1425 5258 1505 5333 post
1534 5246 1709 5330 reddidit,
1743 5245 1805 5338 qui
1835 5258 1952 5313 tamen
1979 5241 2085 5309 etiam
2106 5239 2135 5306 si

129 5370 179 5440 ιι)
194 5368 241 5424 ιιι.
258 5371 296 5423 ιι
320 5384 353 5421 eo
371 5368 561 5422 metuebatur.
1144 5344 1249 5413 fidem
1269 5346 1517 5436 praestitisset,
1548 5346 1608 5418 vix
1634 5346 1805 5442 potuisset
1830 5340 2031 5414 loacbimns
2054 5352 2137 5411 ante
