4546 5760
723 140 1047 237 cattut'nuu
1098 155 1205 232 om
1232 157 1311 263 ut
1901 278 1906 282 ⁴
1956 175 2032 252 ns
2098 176 2122 294 s

96 352 127 404 ,ρ
147 323 341 429 ἇχιβδήχῳ
363 327 546 407 2021051'
562 326 742 430 ἕφρόγηθ
757 329 814 406 ὅτι
830 323 988 428 χριστὸν
1039 326 1253 422 Perpetuam
1269 346 1305 422 et
1319 331 1428 405 vitam
1443 336 1552 408 fracta
1568 341 1702 415 cervice
1715 340 1902 431 Draconis,

95 439 221 528 ιστῆρα
243 433 397 530 βροτοῖς
415 431 501 508 υἱὸν
522 435 662 532 laipno
683 427 783 516 θεός.
865 508 872 519 ,
1088 430 1259 506 Restituit
1273 435 1380 505 nobis
1397 437 1577 526 agnitione
1592 444 1659 516 sui.

95 530 183 631 ιἰίνη
208 561 248 607 rs
275 533 492 635 ἐπαγγελίας
517 534 635 610 αὐτοῦ
658 541 714 632 τῷ
741 533 895 624 ἀλιθαλς,
1039 533 1217 630 Quodque
1235 537 1292 607 tui
1307 539 1439 628 spargit
1455 540 1664 614 flammasin
1684 562 1824 638 pectora
1841 553 1955 641 flatus,

114 632 229 728 πατρὶ
252 642 321 710 τοῦ
342 643 501 733 χριστοῦ
522 639 602 712 ὄντι
628 632 804 731 leoparius
828 637 922 731 θεῷ.
1078 636 1181 708 Pura
1196 635 1382 727 Evangelii
1399 665 1483 709 voce
1501 662 1649 717 sonante
1667 650 1730 722 tui.
2074 633 2082 649 κ

96 730 169 812 οὖν
190 734 253 832 ἧδ’
277 736 408 837 ἀγαθὴ
427 736 552 865 ρυχὴ,
578 736 649 835 τὴν
671 734 792 832 σάρκα
812 732 983 828 λιποῦσα,
1036 735 1138 808 Talia
1155 740 1245 810 utin
1265 740 1368 809 nobis
1383 740 1454 811 sint
1470 746 1555 815 casti
1572 746 1736 820 incendia
1752 756 1880 837 cordis,

106 841 290 937 λαμπροῖς
315 865 483 936 acaprio]
510 835 682 933 δώμασιν
710 835 912 935 οὐρανίοις,
1085 836 1255 933 Optimus
1270 854 1319 912 est
1336 844 1452 936 qualis
1468 846 1612 940 spiritus
1630 850 1703 941 ipse
1716 851 1795 924 Dei.

96 945 211 1035 ᾷοῦσα
236 935 330 1013 θεὸν
357 939 492 1039 σοφίας
518 941 636 1016 αὐτοῦ
663 935 854 1027 ἀπολαύεις
1036 939 1090 1011 Te
1125 966 1250 1033 precor
1283 944 1511 1037 omnipotens
1543 952 1740 1047 mundique
1767 953 2024 1058 hominumque

95 1036 107 1116 i
129 1037 245 1134 ripaei
267 1038 385 1114 αὐτὸν
410 1041 527 1117 πολλὰ
553 1039 814 1138 διδασκομένη.
1548 1069 1695 1140 emim,

95 1139 115 1173 o
142 1141 163 1217 ὃ
186 1141 310 1243 stow?
329 1142 461 1227 Ἄτλας
487 1143 655 1242 στιβαρῷ
680 1139 770 1218 πότε
794 1140 948 1242 αἰρίωνι,
1086 1138 1182 1214 Voce
1198 1157 1257 1214 tua
1275 1147 1381 1216 nobis
1396 1163 1429 1220 et
1447 1152 1615 1242 patefacte
1632 1152 1738 1229 Deus.

95 1240 327 1341 l’Apraraioc
351 1249 429 1328 τοῖς
453 1245 525 1320 κίοι
551 1247 750 1328 ίνναεταῖς.
1034 1242 1207 1333 Quamvis
1222 1246 1331 1332 iusta,
1357 1262 1473 1320 tamen
1494 1255 1600 1324 nobis
1616 1270 1675 1326 tua
1695 1272 1815 1350 parcat
1828 1277 1868 1336 ut
1884 1264 1949 1351 ira,

95 1370 167 1419 ma
192 1343 312 1429 δεῖξεν
337 1344 441 1429 ἔτους
465 1349 555 1445 dria
579 1345 770 1443 ταχθέντα
797 1349 966 1449 προνοιᾷ,
1084 1343 1200 1434 Quam
1219 1350 1317 1437 gnati
1343 1349 1483 1442 placant
1501 1370 1579 1424 vota
1596 1383 1770 1454 cruorque
1786 1363 1851 1438 tui.

95 1444 226 1530 ιιασίας
252 1447 403 1543 ἄστρων
429 1453 552 1543 σπεῖρε
579 1445 837 1524 διδασκαλίαν.
1033 1445 1170 1540 Perque
1197 1448 1313 1541 ipsum
1337 1474 1474 1544 semper
1490 1480 1555 1525 nos
1577 1458 1671 1530 inter
1688 1464 1814 1554 collige
1834 1479 1983 1549 cuasam,

95 1576 119 1633 ις
144 1546 306 1623 εὐποιῶν
332 1545 538 1634 σαξαίνιιιον
565 1551 678 1634 ἔθνος
695 1549 889 1646 ’Ἑρασμος
1085 1546 1127 1618 ln
1142 1575 1211 1643 quo
1230 1551 1275 1621 sit
1290 1553 1363 1621 veri
1381 1556 1493 1642 gloria
1511 1573 1593 1627 uota
1611 1559 1690 1636 Dei.

95 1677 110 1716 ι
132 1647 216 1747 περὶ
240 1655 318 1723 τῶν
342 1651 493 1746 ἄστρων
519 1655 642 1746 σπεῖρε
668 1647 950 1726 διδασκαλίαν..
1033 1648 1101 1719 Hic
1119 1649 1182 1722 sot
1200 1653 1379 1740 iusticiae,
1406 1682 1471 1727 uos
1487 1673 1527 1729 ut
1543 1678 1600 1730 tua
1617 1665 1727 1735 simus
1741 1665 1857 1758 imago

95 1755 240 1834 ρκαχοῖς
253 1751 290 1825 κ’
311 1748 359 1826 ἄν
376 1750 452 1826 ἐστὶ
466 1751 581 1853 γελώς
594 1751 638 1827 τὸ
652 1749 693 1828 δὲ
708 1754 979 1848 κινταυρυῒσιν,
1057 1809 1063 1825 .
1081 1749 1209 1822 Nostra
1224 1756 1291 1823 silai
1308 1758 1482 1828 sulsimilet
1498 1777 1636 1851 pectora
1650 1765 1728 1835 luce
1742 1793 1816 1844 sua.

95 1860 134 1930 ια
158 1847 297 1950 πόνημ,
326 1851 461 1951 ἀρετὰν
487 1861 542 1953 τῷ
569 1861 677 1954 σορῷ
705 1850 781 1928 ἐστὶ
807 1855 901 1952 θεῷ.
1032 1852 1174 1946 Nosque
1190 1869 1250 1925 tuo
1265 1857 1350 1927 flatu
1368 1876 1575 1954 moveatque
1591 1881 1756 1959 regatque
1776 1883 1942 1964 petentes,
2039 1872 2047 1881 ’

1083 1953 1171 2026 Urat
1188 1953 1247 2026 lrie
1260 1975 1299 2027 ut
1315 1976 1449 2031 mentes
1466 1963 1557 2052 iguis
1575 1991 1696 2038 amore
1710 1967 1788 2040 Dei.

1032 2052 1127 2126 Haec
1143 2083 1265 2129 omnes
1279 2085 1416 2131 mecum
1431 2065 1561 2136 faciant
1576 2071 1734 2141 ardentia
1752 2088 1857 2154 vota,

95 2195 155 2270 63,
818 2221 866 2260 sn.
882 2198 977 2262 1553·
1082 2156 1199 2252 Seque
1213 2174 1332 2252 petant
1350 2162 1443 2234 inter
1455 2182 1580 2238 cuncta
1598 2173 1729 2260 pericla
1746 2174 1830 2266 regi.

94 2291 163 2320 ’θ
799 2288 971 2315 w»
1032 2256 1157 2330 Gratia
1172 2263 1231 2330 sed
1249 2262 1417 2357 quoniam
1432 2269 1582 2340 debetur
1594 2272 1685 2343 iusta
1699 2277 1854 2363 docenti,

94 2388 166 2442 :uoto
189 2406 203 2442 s
224 2383 371 2440 vincentio
390 2403 415 2456 p.
427 2384 470 2441 st.
488 2386 570 2440 etism
592 2385 620 2440 tn
640 2389 685 2448 ten
704 2389 881 2456 natantum
897 2387 979 2452 aaa.
1082 2360 1155 2451 Qui
1172 2378 1264 2434 recte
1280 2381 1454 2438 monstrat
1471 2396 1616 2441 munera
1635 2398 1771 2447 summa
1788 2376 1865 2454 Dei.

94 2458 178 2525 antea
202 2453 398 2536 Seltt·,¹⁷³⁶·
422 2474 448 2525 Ρ·
464 2455 544 2538 ⁶⁴²,
571 2456 635 2510 vta.
654 2476 716 2528 ‘et-
738 2458 805 2514 Μελ·
828 2456 978 2534 V⁰¹·,V¹¹¹·
1031 2459 1125 2554 Ergo
1141 2462 1301 2534 Pastores
1317 2480 1356 2537 ut
1372 2468 1416 2536 sit
1430 2475 1626 2544 reverentia
1643 2491 1726 2545 nota

131 2526 193 2595 ta,
217 2529 261 2577 uto
287 2529 313 2577 m
333 2542 426 2577 versus
449 2532 514 2577 sunt
536 2543 565 2578 ιιι
588 2546 632 2600 ep.
656 2527 690 2581 sd
716 2526 842 2583 Montes.
885 2526 977 2579 Etiam
1729 2532 1740 2561 ⁹

94 2545 154 2650 llot.
170 2591 243 2646 ung
262 2610 287 2662 p.
301 2589 363 2650 ιιι,
1081 2565 1198 2635 Prosit
1212 2581 1247 2636 et
1263 2571 1421 2660 exemplo
1437 2595 1503 2642 nos
1517 2578 1696 2647 monuisse
1712 2583 1827 2651 rudes.

1030 2665 1190 2761 Quisque
1211 2692 1318 2737 manu
1336 2683 1430 2741 casta
1445 2689 1554 2744 rastas
1569 2679 1731 2768 adportet
1744 2684 1787 2753 ad
1801 2706 1893 2767 aras,

390 2718 574 2788 Precall‘l·
1079 2768 1129 2841 Ut
1144 2760 1244 2840 dedet
1260 2771 1375 2842 officio
1392 2775 1511 2846 debita
1528 2777 1627 2869 signa
1644 2781 1709 2872 pii.

94 2861 194 2919 sucat
210 2869 347 2936 semper
364 2862 526 2918 servante
541 2844 696 2919 Ecclesia
712 2842 865 2940 Christe,

94 2966 260 3042 ertosque
274 2948 339 3017 tibi
358 2973 424 3018 nos
439 2965 498 3019 tua
516 2955 637 3020 dextra
655 2963 758 3040 tegat,

94 3053 185 3122 selut
201 3051 238 3119 in
254 3050 394 3120 llamma
418 3065 522 3121 testes
539 3049 761 3146 Babylonide
774 3076 903 3134 servas,

94 3154 185 3226 rubi
203 3165 419 3243 praesentem
437 3165 470 3223 te
483 3152 573 3223 vidit
588 3175 662 3222 esse
674 3145 803 3227 Deum.¹
836 3205 839 3209 ·
1027 3135 1206 3262 Q
1435 3212 1441 3221 .
1841 3242 2013 3284 Μ

1127 3348 1207 3421 Apud
1222 3349 1349 3405 vincent.
1362 3368 1389 3423 p.
1404 3349 1463 3406 1²9.

93 3489 163 3615 Q
809 3519 859 3563 ⁸¹¹·
874 3497 972 3560 1553·
1155 3512 1229 3582 Oea
1243 3510 1364 3580 malta
1381 3508 1679 3585 intersedinmt
1696 3515 1887 3617 Theologt':

794 3585 966 3614 m

94 3686 131 3741 ot
149 3686 274 3741 vincent.
294 3684 437 3806 quaeq.
450 3689 477 3736 et
495 3681 524 3736 to
537 3681 597 3738 scri
617 3682 651 3736 tis
668 3681 746 3752 publ.
757 3683 837 3737 Tou.
852 3684 906 3749 11..
926 3682 973 3738 obt
1128 3657 1197 3730 Sed
1212 3672 1317 3750 gnate
1334 3658 1400 3730 Dei
1416 3672 1451 3728 te
1465 3656 1605 3732 Christe
1621 3675 1696 3736 toto
1713 3681 1854 3757 pectore

94 3755 257 3840 mentitura
275 3791 294 3822 ,‚
321 3765 398 3808 ector
406 3751 569 3807 Academiae
626 3752 690 3808 iret.
700 3750 834 3808 Melchior
845 3752 974 3820 Fendius,
1126 3756 1299 3844 Oramus,
1324 3774 1366 3831 ut
1383 3783 1448 3830 nos
1463 3762 1592 3853 spiritu
1608 3789 1705 3855 regas
1724 3782 1820 3840 tuos:

93 3831 148 3879 utu
159 3824 281 3877 medicae
290 3821 425 3878 Doctor.”
450 3820 489 3874 Ar
503 3818 707 3875 Melanthonern
723 3820 803 3875 habet
816 3830 971 3877 auctorem.

93 3891 247 3947 ahma„
260 3889 412 3963 mapa„
1127 3860 1287 3957 Vitisque
1301 3887 1381 3933 cum
1397 3863 1465 3947 sis,
1490 3865 1651 3952 palmites
1664 3869 1718 3939 fac
1737 3895 1802 3941 uos
1818 3886 1898 3944 tuo:

502 4038 507 4045 g
1124 3961 1222 4033 ldem
1242 3965 1314 4063 piis⁸
1325 3966 1417 4035 votis
1434 3989 1571 4035 mecum
1588 3973 1791 4057 precemini.

93 4073 156 4126 am
181 4053 330 4123 nomiae
355 4049 525 4122 lteatorls
548 4044 800 4134 Academiae,
839 4069 973 4140 propo-
1654 4101 1656 4105 .

93 4152 381 4242 idololatita,
404 4159 448 4223 ut
463 4151 691 4223 munuscula
705 4171 779 4223 aaa
792 4146 845 4220 ad
860 4171 972 4224 arom

383 4247 563 4350 offerant.
592 4340 603 4367 ι

98 4370 242 4462 ¹aeterna
259 4383 376 4472 Deus,
401 4409 524 4471 verax,
550 4386 662 4470 bona,
687 4385 819 4467 libera,
845 4384 948 4474 iusta,
1021 4365 1202 4490 Q
1447 4411 1453 4431 ·
1840 4383 2011 4500 &Q

93 4508 132 4565 na
139 4543 153 4578 ‚
180 4489 303 4559 volens
317 4489 450 4559 similes
461 4512 526 4558 nos
542 4485 645 4558 etiam
661 4509 735 4555 esse
751 4487 828 4561 tibi.
1247 4576 1255 4591 ο
1841 4494 1844 4503 “

94 4595 195 4665 cibus
210 4590 362 4659 flammis
378 4589 446 4661 tibi
463 4612 553 4684 quae
568 4588 744 4658 contraria
761 4589 868 4676 deles,
1123 4575 1206 4647 Apud
1222 4576 1350 4632 V¹⁰0‘⁰¹·
1367 4597 1395 4651 t·
1406 4578 1463 4684 ⁷⁴3-

92 4695 189 4768 titiae
204 4716 288 4761 nam
303 4704 340 4762 tu
356 4689 494 4782 Regula
509 4687 582 4762 sola
599 4713 734 4762 manes.

93 4822 134 4869 >rs
151 4818 242 4890 quae
257 4793 382 4863 mundi
398 4794 507 4865 verbo
521 4793 685 4863 distincta
702 4790 839 4878 creasti,

92 4897 220 4989 amplae
236 4896 329 4988 quod
346 4895 399 4964 vis
414 4894 551 4965 ordinis
566 4917 640 4963 esse
655 4894 752 4968 boui.

92 5025 157 5096 que
172 5011 231 5069 tua
247 4997 377 5086 effigies
391 5009 444 5067 est
458 5010 493 5067 et
510 5001 554 5066 de
570 4996 705 5065 lumine
723 4996 856 5083 lumen,
1018 4987 1194 5079 Margaris
1219 4989 1256 5058 in
1271 4987 1416 5059 conchis
1431 4992 1547 5061 oritur
1563 4994 1751 5066 dulcedine
1767 4999 1870 5084 roris,

92 5102 134 5174 od
150 5099 276 5171 tribuit
290 5097 395 5167 nobis
409 5099 643 5192 notitiamque
660 5097 725 5172 tui.
1067 5090 1220 5161 Nomina
1237 5116 1326 5183 quae
1344 5091 1504 5193 Sponsae
1520 5093 1694 5184 Margaris
1711 5114 1792 5188 apta
1810 5101 1920 5177 dedit.

92 5198 152 5297 gili
166 5201 331 5269 indutum
347 5222 411 5289 pro
428 5199 533 5269 nobis
548 5200 689 5270 victima
706 5220 845 5285 carne,¹
1015 5188 1149 5264 Roseus
1167 5189 1351 5281 Evangelii
1370 5218 1440 5286 quo
1458 5195 1574 5287 pingit
1588 5198 1734 5269 nomine
1749 5196 1924 5283 Christus,
2001 5197 2006 5211 '

92 5306 179 5378 itiae
194 5301 301 5375 solvit
314 5302 433 5373 debita
450 5293 567 5401 λύτρα
584 5314 676 5388 tuae,
787 5336 790 5341 ·
1065 5293 1171 5366 Mens
1187 5296 1244 5387 pia
1258 5319 1363 5387 quem
1376 5296 1501 5366 sitiens
1515 5323 1579 5370 ceu
1592 5324 1685 5372 nova
1702 5297 1836 5374 concha
1852 5305 1957 5399 rapit.

1019 4738 1079 4808 De
1092 4741 1241 4808 ιιοιιιλιιι
1257 4728 1504 4835 Μοιραιίδοι
1517 4745 1557 4815 ia
1573 4745 1717 4837 nuptiis
1736 4747 1786 4817 D.
1810 4747 2013 4826 Dnatdr'r

1061 4838 1299 4932 (lltylt'aet‘.
1353 4845 1500 4932 (Nuptiae
1511 4851 1677 4919 i'ueruotd.
1694 4853 1745 4920 10.
1760 4852 1841 4920 Nov.
1859 4860 1970 4939 usp.)
