4546 5760
62 159 143 241 “B
365 178 377 195 ·
544 154 861 253 ALLOQUIA
894 158 969 234 ΕΤ
1002 155 1240 235 BREVES
1270 155 1628 239 CONCIONES.
2028 155 2106 235 “f

33 335 231 455 estquod
246 332 351 406 nobis
366 334 614 422 blandiamur,
639 347 675 406 et
689 359 827 420 causas,
852 357 917 406 cur
932 334 981 405 ita
997 336 1062 404 ad-
1111 360 1193 408 rnm
1214 335 1370 418 monita,
1401 359 1518 430 neque
1530 348 1756 428 praeceptum
1769 333 1857 416 Dei,
1883 357 1949 405 nec
1968 354 2126 455 poepte

62 438 152 509 dieti
174 437 366 532 miserique
388 438 519 524 simus,
545 440 768 534 quaeramus
820 436 921 526 Quin
938 461 1060 527 exper-
1111 441 1238 523 etiam,
1260 450 1295 509 et
1319 439 1410 509 mala
1429 454 1548 510 nostra
1566 464 1631 509 nos
1645 440 1812 525 flectunt
1835 454 1897 510 aut
1910 440 1954 508 ad
1971 437 2105 507 sanita·

61 541 243 634 giumm
263 564 305 609 ex
326 535 394 611 boc
408 554 574 628 veterno,
600 562 640 612 ac
655 565 720 611 nos
734 542 878 612 tandem
898 535 1060 610 homines
1111 556 1182 613 tem
1203 555 1388 626 revocant,
1414 556 1499 613 tunc
1519 565 1642 612 revera
1663 544 1892 635 sumusqnod
1909 539 2104 632 Apostolus

60 666 138 715 esse
166 641 381 731 cogitantes,
414 656 611 716 statuamus
638 667 721 714 vera
744 664 836 729 esse,
868 666 958 736 quae
983 643 1059 734 ipsa
1112 646 1175 714 ait:
1216 636 1482 741 ἀπηλγηκότες,
1524 660 1558 716 et
1586 646 1720 737 quovis
1736 643 1845 716 Silice
1875 658 1981 737 atque
2003 642 2102 713 Ada-

60 744 279 839 experientia
308 769 397 831 nos,
444 748 543 841 quod
574 770 656 816 vera
683 746 774 831 sint,
818 745 922 815 fateri
956 745 1060 834 cogit,
1112 763 1231 819 maote
1254 746 1428 821 duriores.
1481 743 1698 817 Adhortor
1687 747 1798 837 agitur
1818 771 1882 817 vos
1899 748 2102 816 adolescen-

60 871 193 939 ιαμ
214 849 313 943 quod
327 846 426 919 Deus
446 849 560 939 leges,
585 850 749 919 ordinem
771 871 812 916 ac
833 847 1058 937 disciplinam
1112 863 1181 943 tes,
1213 873 1328 940 neque
1351 863 1489 919 tantum
1512 845 1704 935 adhortor,
1734 850 1796 918 sed
1818 863 1852 920 et
1873 874 1957 935 oro,
1982 861 2017 918 et
2038 869 2103 938 per

60 949 387 1031 velit-conservari,
414 952 656 1022 obedientiam
672 952 769 1020 iuxta
783 944 880 1019 hunc
895 951 1059 1018 ordinem
1111 948 1226 1021 Deum
1251 953 1426 1036 obtestor,
1459 965 1499 1021 ut
1521 946 1584 1020 has
1605 944 1831 1022 scholasticas
1852 953 1945 1041 leges
1965 948 2101 1028 ametis,

58 1052 244 1148 nutrirat,
293 1067 329 1124 et
364 1055 531 1146 praemiis
568 1054 772 1144 ingentibus
803 1076 931 1122 ornare
963 1052 1059 1127 velit.
1111 1067 1145 1122 et
1171 1053 1334 1142 religiose
1363 1054 1465 1123 vobis
1492 1054 1683 1123 servandas
1709 1077 1783 1126 esse
1806 1054 1953 1126 ducatis.
2003 1048 2102 1121 Haec

57 1153 196 1229 Contra
211 1149 381 1241 ἀταξίαν,
404 1157 661 1241 confusionem,
687 1149 980 1239 ἀκαταστασίαι,
1002 1177 1059 1223 so-
1111 1155 1205 1224 enim
1223 1179 1302 1225 cum
1319 1156 1447 1225 studiis
1460 1156 1585 1226 vestris
1600 1157 1776 1249 sapienter
1792 1156 2000 1240 consulunt,
2025 1168 2102 1223 tum

58 1258 238 1331 lutionem
248 1257 469 1350 disciplinae,
493 1260 630 1329 ordinis
642 1258 958 1350 perturbationem,
980 1280 1059 1325 mo-
1110 1282 1195 1326 vero
1209 1272 1243 1328 et
1259 1281 1313 1327 res
1329 1272 1364 1328 et
1379 1283 1527 1350 corpora
1542 1273 1657 1329 vestra
1672 1261 1840 1328 adversus
1855 1256 2005 1326 iniurias
2015 1256 2104 1325 hde-

57 1361 377 1450 rumcorruptelas
390 1362 484 1431 serio
499 1385 539 1431 ac
553 1356 782 1431 vehementer
796 1360 933 1443 oderit,
955 1372 1059 1450 atque
1111 1361 1194 1429 liter
1214 1360 1395 1432 muniunt.
1446 1355 1632 1434 Retrahite
1650 1383 1779 1455 quaeso
1797 1384 1861 1431 vos
1872 1359 2104 1452 ipsosacon·

58 1457 288 1535 horribiliter
301 1463 433 1554 punire
447 1463 569 1534 soleat.
620 1459 668 1533 Et
683 1463 868 1555 proposuit
880 1460 986 1548 nobis
1002 1456 1059 1529 his
1110 1463 1220 1532 sortio
1251 1463 1418 1548 illorum,
1451 1464 1513 1558 qui
1543 1464 1593 1533 ita
1623 1463 1967 1547 dissolute'vivunt,
2001 1459 2103 1555 quasi

59 1562 236 1658 proximis
255 1565 362 1635 annis
377 1563 473 1636 Deus
489 1565 573 1636 satis
590 1566 703 1635 tristia
720 1565 845 1635 talium
862 1586 1057 1655 poenarum
1110 1566 1232 1634 nullae
1255 1565 1326 1636 sint
1348 1566 1460 1655 leges,
1486 1567 1585 1636 nulla
1602 1566 1744 1635 vincula
1762 1560 1939 1634 humanae
1955 1563 2103 1633 societa-

59 1666 241 1758 uemer,
273 1690 365 1759 quae
388 1691 455 1739 nos
476 1691 720 1752 commovere,
747 1680 785 1737 et
805 1667 968 1737 timorem
990 1663 1056 1735 Dei
1112 1668 1175 1751 tis,
1202 1667 1302 1762 qnasi
1326 1668 1421 1738 inter
1445 1671 1535 1738 feras
1555 1663 1703 1751 bestias,
1730 1692 1804 1736 non
1828 1669 1922 1737 inter
1939 1662 2103 1737 homines

59 1768 102 1841 irs
117 1767 244 1852 uobis,
270 1781 305 1838 et
321 1793 441 1840 curam
457 1772 692 1860 regendorum
709 1794 851 1839 morum
868 1769 1058 1837 accendere
1110 1769 1219 1839 vitam
1235 1771 1375 1858 degant.
1425 1769 1507 1840 Non
1522 1771 1618 1840 enim
1633 1767 1821 1840 hominum
1837 1768 2101 1864 sedCyclopum

58 1870 256 1956 debebant,
281 1870 311 1939 si
326 1871 445 1941 minus
462 1885 582 1942 nostra
596 1885 721 1963 sponte
739 1885 773 1940 et
787 1871 899 1963 ipsius
916 1870 1057 1941 virtutis
1110 1868 1149 1940 hi
1165 1895 1279 1941 mores
1293 1886 1395 1953 sunt
1423 1885 1513 1943 totas
1530 1886 1650 1943 noctes
1664 1872 1702 1941 in
1721 1871 1864 1963 publico
1880 1867 2105 1952 tumultuari,

36 1996 184 2047 ‘amore
204 1973 394 2048 flectimur.
446 1972 556 2045 Recte
576 1974 674 2043 enim
694 1971 1058 2043 dictumestaveteri
1110 1973 1253 2044 furiosis
1287 1975 1501 2045 clamoribus
1534 1974 1654 2045 omnia
1685 1972 1882 2083 complere,
1919 1970 2103 2050 conviciis,

59 2076 182 2166 legum
211 2075 413 2147 conditore:
445 2071 700 2147 Obediendum
724 2099 798 2144 esse
821 2075 980 2164 legibus,
1005 2088 1058 2146 at·
1111 2077 1297 2166 lapidum
1287 2091 1392 2159 tactu
1419 2101 1527 2147 armis
1542 2102 1580 2146 ιιι
1596 2090 1750 2169 pacatos,
1768 2071 1960 2171 adeoque
1949 2094 2104 2144 mermes

59 2200 133 2273 que
152 2176 298 2267 flagitiis
319 2177 591 2263 abstinendum,
631 2203 678 2248 ne
701 2179 885 2248 turbemus
909 2200 1058 2247 concor·
1109 2192 1215 2271 atque
1239 2179 1445 2249 innocentes
1467 2175 1666 2249 hostilem
1655 2204 1693 2247 ιιι
1715 2181 1862 2248 modum
1881 2170 2103 2260 debacchari,

58 2280 179 2366 diam,
203 2303 294 2374 quae
317 2273 475 2352 humano
499 2281 620 2370 generi
642 2305 723 2351 cum
747 2278 823 2350 Deo
847 2303 920 2348 esse
943 2279 1057 2353 debet
1109 2303 1315 2373 oppugnare
1342 2274 1633 2352 honestorum
1604 2282 1734 2351 civium
1756 2283 1879 2360 aedes,
1912 2279 2101 2368 effringere
2151 2273 2159 2286 ⁴

58 2381 134 2456 Sed
163 2381 249 2477 quia
279 2377 365 2452 haec
398 2383 597 2453 reverentia
632 2396 665 2454 et
695 2383 909 2453 verecundia
938 2381 1058 2450 minus
1110 2384 1222 2462 fores,
1248 2386 1435 2468 fenestras,
1458 2386 1602 2454 turbare
1617 2408 1783 2454 somnum
1801 2382 2006 2476 puerperis,
2029 2379 2101 2449 mi·

58 2483 196 2557 multos
225 2497 361 2569 movet,
393 2485 517 2556 saltem
543 2509 740 2576 poenarum
762 2484 989 2572 magnitudo,
1024 2497 1058 2551 et
1110 2509 1267 2578 sertsque
1283 2488 1434 2575 aegrotis
1451 2511 1490 2555 ac
1504 2487 1668 2571 sentbus
1694 2486 1865 2578 dissipare
1881 2482 2073 2554 tabernas
2062 2505 2101 2550 ιιι

58 2597 205 2659 nostrae
226 2609 417 2657 aerumnae
440 2611 506 2657 uos
531 2586 571 2655 in
596 2588 691 2656 viam
714 2600 899 2670 revocent,
925 2585 1057 2673 cogite·
1108 2589 1208 2672 foro,
1232 2613 1356 2658 currus
1379 2602 1413 2658 et
1440 2589 1610 2682 quicquid
1629 2589 1794 2662 occurrit.
1847 2584 2100 2678 Turpiadictu

57 2711 142 2760 mus
157 2687 610 2783 qualemgubernationem
628 2686 824 2772 Ecclesiae,
847 2685 1058 2781 quemRei-
1109 2684 1196 2758 haec
1225 2704 1326 2775 sunt,
1359 2706 1393 2761 et
1424 2691 1669 2780 indignissima
1692 2691 1755 2760 tali
1778 2685 1965 2760 hominurn
1987 2699 2102 2772 coetu,
2222 2725 2227 2730 ·

58 2789 228 2886 publicae
249 2803 399 2872 statum,
426 2792 515 2861 vel
505 2816 572 2882 1pst
563 2786 793 2861 habitum
766 2814 895 2876 snmus
919 2790 977 2858 vel
993 2814 1058 2880 po-
1109 2816 1148 2859 ιιι
1165 2816 1235 2885 quo
1251 2816 1331 2861 cum
1345 2807 1447 2863 sonet
1463 2794 1625 2863 doctrina
1637 2793 1702 2861 filu
1719 2791 1805 2877 Der
1829 2817 1908 2862 cum
1924 2786 2102 2860 honestis·

61 2892 170 2967 steris
193 2892 373 2979 relicturi,
406 2893 437 2962 si
460 2894 669 2984 disciplina,
701 2908 735 2964 et
757 2887 959 2963 reverentia
977 2913 1057 2981 erga
1110 2895 1279 2962 simarum
1307 2896 1436 2963 artium
1468 2897 1584 2965 studia
1607 2897 1777 2979 floreant,
1809 2898 1880 2964 vita
1904 2914 2047 2987 quoque
2067 2904 2103 2961 et

59 2988 156 3088 leges
175 2994 335 3074 sublata,
359 3019 511 3088 qtrrsque
529 2996 597 3066 stht
615 2996 806 3066 vrvendum
825 2994 982 3086 putabit,
1009 2994 1058 3062 si·
1103 3019 1225 3064 mores
1248 2990 1304 3063 his
1327 2996 1454 3066 studiis
1475 2999 1674 3067 conformes
1696 3020 1769 3066 esse
1787 2998 1975 3069 debebant
2029 2990 2102 3064 Da-

59 3098 246 3183 cutlibet,
271 3095 329 3167 vel
345 3097 436 3168 sicut
449 3099 583 3168 furrosa
599 3098 729 3189 cupido
748 3099 858 3169 rubet
906 3093 954 3167 Et
970 3122 1057 3190 qua
1110 3101 1200 3169 bunt
1226 3097 1335 3185 igitur
1361 3093 1454 3168 haud
1479 3099 1588 3169 dubie
1609 3100 1832 3188 gravissimas
1855 3120 1989 3191 poenas
2010 3091 2102 3179 Deo,
2186 3126 2193 3141 ·

58 3201 115 3275 tes
135 3223 198 3273 vos
212 3200 469 3289 gubernatores
484 3200 683 3291 respublica
700 3213 814 3270 vestra
832 3198 1000 3291 accipiet,
1026 3198 1055 3266 si
1109 3200 1171 3293 qni
1195 3196 1281 3269 haec
1304 3214 1401 3270 tanta
1418 3203 1511 3271 dona
1529 3203 1649 3271 divina
1666 3196 1909 3291 prophanant,
1935 3215 1968 3271 et
1986 3197 2103 3288 turpi·

36 3326 138 3376 -non
160 3300 228 3394 ipsi
250 3302 472 3396 aequissimis
493 3303 647 3391 legibus,
673 3315 707 3372 et
730 3302 774 3371 iis
798 3301 859 3397 qui
876 3314 1056 3392 praesunt,
1109 3303 1234 3372 tudine
1259 3303 1371 3382 vitae,
1399 3329 1438 3373 ac
1461 3305 1604 3394 flagitiis
1624 3304 1697 3374 suis
1712 3302 1911 3373 doctrinam
1927 3324 2050 3370 sanam
2067 3311 2102 3370 et

58 3427 185 3500 parere
206 3403 427 3474 didiceritis?
477 3402 575 3474 Male
599 3403 876 3494 enimimperat,
901 3403 1056 3494 quinon
1108 3405 1297 3473 salutarem
1320 3407 1540 3487 deformant,
1564 3421 1669 3499 atque
1684 3405 1858 3496 Spiritum
1882 3417 2043 3474 sanctum
2060 3401 2101 3471 in

58 3507 164 3603 prius
179 3506 486 3578 obediredidicit.
537 3501 750 3578 Plutarchus
765 3506 831 3575 art
858 3506 954 3574 idem
970 3529 1056 3585 esse
1109 3531 1177 3598 pns
1191 3507 1368 3577 mentibus
1386 3533 1549 3577 moerore
1566 3508 1747 3580 adficiunt
2081 3532 2083 3536 “

58 3632 174 3705 puero
192 3608 415 3679 committere
434 3605 610 3698 gladium,
636 3609 912 3692 fatuodivitias,
936 3622 970 3677 et
988 3602 1055 3676 ho·
1214 3607 1386 3679 Videmus
1419 3605 1487 3679 hoc
1517 3624 1677 3700 ternpore
1709 3632 1799 3701 pene
1826 3623 1940 3681 totum
1963 3607 2101 3686 orbem,

57 3711 150 3785 mim
139 3709 417 3803 ''disciplinae
406 3734 549 3801 ignaro,
575 3727 680 3805 atque
705 3710 905 3803 impatienti
923 3711 1055 3827 guber·
1106 3710 1292 3781 draholrcrs
1308 3713 1519 3782 furoribus
1509 3735 1712 3797 rnoensum,
1736 3735 1839 3781 ruere
1857 3736 1896 3779 tn
1913 3706 2101 3780 horribilia

57 3813 254 3887 udonem.
305 3808 424 3907 Atque
440 3811 632 3902 Euripides
655 3813 755 3881 illam
773 3828 907 3903 partem
923 3836 1054 3881 ctvrum
1105 3813 1237 3883 scelera
1258 3827 1293 3884 et
1314 3839 1457 3906 poenas.
1507 3811 1648 3886 Ardent
1665 3809 1879 3885 monarchae
1893 3814 1978 3884 odro
1992 3805 2102 3881 clm

57 3915 226 4041 adfirmat
245 3938 456 3986 conservare
480 3915 679 4001 civitatem,
711 3938 801 4008 quae
823 3928 864 3986 ut
889 3914 962 4006 ipse
988 3915 1054 3984 ait:
1107 3915 1152 3987 sti
1176 3940 1216 3986 ac
1240 3916 1400 4008 piorum,
1432 3932 1579 4010 propter
1598 3932 1733 3989 taxatos
1755 3916 1961 3987 idolatricos
1983 3912 2101 3985 cultus

56 4009 205 4111 κόσμον
227 4009 427 4114 φυλάσσει,
453 4013 582 4090 ὅντινα
604 4011 653 4090 ἂν
677 4010 775 4136 δόξῃ.
790 4004 913 4102 uestes,
939 4017 976 4085 id
992 4029 1055 4100 est,
1108 4033 1143 4089 et
1159 4031 1265 4090 tetras
1281 4011 1531 4110 blasphemias,
1556 4043 1708 4137 quarum
1724 4019 1966 4088 defensionem
1982 4037 2101 4086 susce·

57 4121 225 4196 ordinem
247 4134 452 4204 conservat,
478 4146 542 4214 qur
532 4121 610 4190 ab
634 4145 673 4190 ea
692 4119 876 4191 institutus
894 4133 956 4189 est.
1008 4115 1056 4190 Et
1107 4135 1248 4241 petunt.
1299 4119 1448 4192 Ludunt
1465 4119 1674 4192 monstrosrs
1686 4121 1919 4214 opinionibus
1936 4115 2100 4190 homines

56 4223 167 4307 alibi,
191 4220 320 4294 Tace
309 4224 444 4317 inquit:
471 4219 579 4311 Quod
600 4224 702 4293 iubes
725 4235 760 4292 et
781 4222 875 4292 inter
891 4217 1054 4291 homines
1105 4223 1260 4313 ingeniis
1281 4238 1314 4295 et
1338 4224 1533 4297 doctrina
1521 4224 1704 4308 instructi,
1729 4225 1824 4295 laxat
1846 4223 1965 4293 frenos
1981 4218 2100 4290 omnis

58 4325 262 4399 societatem
278 4338 481 4407 conservat
506 4325 544 4394 td
559 4349 672 4396 ιιιιιιιιι
688 4337 759 4410 est
785 4348 913 4416 nempe
930 4338 969 4394 ut
986 4320 1054 4394 ho
1107 4325 1247 4414 generis
1267 4326 1556 4417 cupiditatibus
1545 4349 1710 4395 insanum
1732 4327 1874 4415 vulgus,
1899 4321 2098 4393 necminus

31 4428 175 4498 -mines
195 4427 312 4516 legum
334 4427 558 4498 autoritatem
581 4452 685 4523 quam
703 4451 853 4497 maxime
867 4428 1000 4496 salvam
1019 4439 1054 4495 et
1107 4428 1259 4498 multum
1284 4443 1335 4498 est
1359 4423 1427 4499 hoc
1449 4444 1607 4519 tempore
1621 4423 1811 4498 hommum
1826 4424 2099 4518 Epicureorum,
2225 4521 2231 4525 ῃ

58 4529 278 4601 incolumem
301 4551 375 4599 esse
395 4529 516 4599 velint
568 4529 680 4620 Saepe
695 4522 781 4597 haec
797 4543 978 4620 praecepta
998 4553 1054 4596 re·
1105 4555 1211 4622 quam
1235 4531 1303 4600 fuit
1327 4529 1510 4602 Ciceronis
1532 4545 1664 4614 aetate,
1695 4555 1774 4599 cum
1799 4525 2098 4627 praestantissima

58 4643 250 4726 petuntur,
275 4643 310 4700 et
330 4631 556 4702 inculcantur
579 4633 624 4703 ab
648 4625 875 4717 authoribus,
900 4655 1053 4749 quorum
1106 4655 1266 4725 qtraeque
1291 4632 1432 4722 ingenia
1457 4633 1570 4703 illos
1559 4654 1732 4701 immanes
1758 4653 1894 4703 errores
1916 4654 1980 4722 pro
2002 4628 2098 4697 veri-

56 4733 203 4826 scripta
212 4732 252 4801 in
276 4726 342 4804 hac
361 4726 481 4802 schola
503 4747 733 4816 enarrantur,
771 4736 832 4802 sed
856 4758 922 4803 nos
943 4733 1054 4824 magis
1105 4747 1175 4805 tate
1196 4737 1396 4809 adorarent.
1448 4734 1556 4806 Nos
1545 4761 1583 4804 ιιι
1606 4730 1663 4804 lus
1679 4733 1786 4803 tantis
1801 4733 1954 4803 tenebris
1969 4729 2096 4801 mundr

58 4835 167 4909 etiam
181 4858 403 4906 commovere
420 4836 523 4906 dehet
541 4862 609 4905 vox
623 4837 765 4919 divina,
790 4860 880 4929 quae
895 4836 997 4906 toties
1014 4837 1052 4904 in
1104 4861 1288 4930 precemur
1309 4836 1420 4907 hlium
1437 4835 1526 4922 Dei,
1551 4852 1592 4908 ut
1613 4837 1652 4905 in
1675 4836 1744 4905 lide
1769 4851 1803 4906 et
1824 4837 1932 4904 verbo
1948 4858 2013 4904 suo
2027 4855 2096 4902 nos

56 4937 167 5011 sacris
187 4936 304 5008 literis
324 4938 368 5007 ad
390 4938 630 5010 obedientiam
653 4962 733 5029 erga
752 4939 861 5027 leges,
888 4953 992 5032 atque
1007 4940 1052 5007 ad
1104 4940 1308 5009 obedientes
1330 4954 1532 5024 conservet,
1566 4953 1600 5009 et
1618 4938 1757 5030 Spiritu
1780 4951 1901 5009 sancto
1925 4961 1989 5006 suo
2009 4934 2096 5004 illu·
2193 4952 2195 4956 ’

56 5039 301 5132 disciplinam,
342 5052 377 5111 et
406 5035 553 5112 honesta
582 5041 719 5126 officia,
756 5042 947 5132 propositis
979 5064 1053 5110 non
1105 5043 1236 5124 minet,
1269 5043 1444 5130 gubernet
1463 5058 1568 5135 atque
1587 5041 1797 5123 sanctificet,
1822 5054 1862 5112 ut
1887 5062 1963 5109 non
1983 5037 2095 5107 simus

56 5155 198 5216 tantum
230 5165 425 5233 poenarum
450 5156 486 5213 et
509 5143 751 5235 praemiorum
775 5145 960 5235 exemplis,
991 5168 1053 5212 ve·
1104 5168 1185 5214 vasa
1208 5145 1297 5229 irae,
1323 5147 1384 5213 sed
1409 5168 1489 5214 vasa
1510 5142 1640 5233 gratiae
1666 5157 1699 5214 et
1721 5141 1984 5212 misericordiae
2000 5138 2095 5208 divi-

55 5268 140 5317 rum
160 5243 268 5315 etiam
290 5244 518 5335 amplissimis
540 5245 857 5338 promissionibus,
879 5271 945 5315 nos
967 5242 1051 5315 hor·
1104 5270 1187 5331 nae,
1219 5263 1328 5340 utque
1351 5271 1456 5338 opera
1479 5241 1646 5315 sathanae
1666 5245 1705 5314 in
1729 5246 1834 5315 nohis
1855 5246 2095 5326 destruantur,

55 5360 163 5423 tatur.
224 5343 332 5436 Quod
359 5347 391 5417 si
420 5372 537 5443 neque
559 5343 748 5418 hominum
775 5349 1052 5441 sapientissimo-
1103 5361 1138 5420 et
1159 5350 1246 5420 liant
1268 5373 1374 5442 opera
1397 5349 1572 5442 placentia
1587 5347 1677 5420 Deo.
1731 5347 1844 5443 ldque
1864 5344 1996 5416 utheri
2011 5367 2094 5439 pos-

1480 5688 1585 5720 *
1614 5714 1618 5719 .
