4546 5760
115 118 210 262 ιιι
711 116 1128 271 ρυιιιεειοιιιιε
1161 144 1578 253 acanautcau‘

143 393 146 405 ·
167 370 172 379 ·
220 349 410 439 ‘monneto
430 348 588 420 Doctoris
608 347 779 434 Georpii
798 346 1001 418 Maioris.

2079 176 2144 252 800

1163 350 1217 421 εἰει
1249 350 1357 423 lartio
1383 348 1551 424 instituit.
1624 345 1723 420 llaec
1756 350 1943 445 responsio
1967 351 2140 446 perspicua

223 477 457 549 Verissimum
481 488 532 545 est
555 476 651 568 quod
671 474 777 558 dicis,
803 474 946 544 nullum
972 473 1011 541 in
1035 471 1107 540 vita
1161 465 1225 524 ²³¹·

121 571 308 680 pulchiius
326 577 563 672 spectaculum
588 600 680 661 esse,
703 601 811 670 quarn
828 576 950 645 videre
971 587 1110 644 coetum
1261 567 1333 642 Sed
1355 571 1464 665 quid,
1489 570 1521 641 si
1542 569 1589 644 sit
1616 594 1700 641 vera
1723 566 1903 659 Ecclesia,
1929 584 1967 645 ει
1988 573 2140 666 legantur

122 709 248 757 senum
275 681 496 754 eruditorum
519 679 724 749 timentium
748 678 881 763 Deum,
913 691 947 747 ει
969 677 1109 768 sapien·
1160 671 1283 743 idonei
1298 672 1451 754 iudices,
1477 674 1581 745 utin
1596 696 1679 743 vera
1695 670 1853 745 Ecclesia
1874 677 2140 770 temporeApo·

121 806 218 872 tum,
243 785 308 880 qui
330 798 415 855 sunt
432 804 562 871 organa
581 780 736 873 Spiritus
751 781 882 865 sancti,
905 779 1019 873 qualis
1040 779 1111 848 fuit
1158 775 1353 861 stolorum,
1378 789 1499 846 tamen
1523 778 1787 847 controversiae
1811 779 2044 867 oriebantur,
2063 800 2141 874 quat

121 904 184 963 aut
199 885 455 981 Apostolorum
469 884 713 973 congregatio,
739 884 783 952 de
800 908 869 976 qua
883 881 1022 964 dixisti,
1048 892 1111 950 aut
1161 893 1246 950 tunc
1264 877 1334 948 crit
1349 873 1573 949 authoritas?

122 1003 317 1065 conventus
331 990 370 1058 in
385 987 494 1106 Nicea
509 999 746 1056 trecentorum
762 999 797 1056 ει
810 985 1005 1103 octodecim
1018 979 1110 1103 Epi·
1261 994 1359 1068 Haec
1381 997 1541 1091 quaestio
1563 996 1752 1068 ohscurior
1771 995 1886 1070 videri
1907 1012 2045 1093 potest,
2068 994 2140 1094 quii

122 1117 332 1188 troporum,
365 1114 437 1186 (111⁰
461 1113 500 1157 ¹¹1
520 1112 671 1158 flumem
695 1099 796 1158 mul
817 1086 943 1171 ¹¹¹¹¹l¹¹2
979 1108 1043 1179 (1¹¹¹
1070 1108 1110 1153 ¹¹¹
1160 1102 1277 1190 imago
1301 1099 1534 1193 imperiorum
1559 1123 1633 1169 non
1657 1102 1901 1172 transferenda
1925 1117 2004 1175 erat
2025 1096 2142 1174 adl'a·

123 1195 346 1271 consessione
365 1191 600 1309 constantiam
618 1203 653 1260 et
669 1191 782 1260 robur
803 1189 885 1259 fidei
907 1189 1111 1259 declarave-
1161 1204 1317 1276 elegiam,
1376 1200 1461 1272 Viri
1483 1202 1623 1294 politici
1648 1202 1909 1294 imaginantur,
1944 1228 2050 1297 posse
2075 1202 2144 1276 tolli

122 1314 222 1384 rant,
248 1297 396 1386 ⁰¹⁸¹8¹¹¹
413 1293 670 1386 s¹¹l¹l¹l¹¹¹⁰¹¹¹¹¹¹
686 1288 803 1363 ³thss
827 1285 1110 1383 i¹¹¹01'l¹⁰¹¹³l¹²¹·
1161 1304 1308 1378 dissidia
1333 1304 1597 1390 doctrinarum,
1623 1305 1713 1375 sicut
1739 1306 1862 1376 civiles
1888 1304 2143 1378 controversiae

122 1405 273 1476 bebant:
313 1398 407 1472 Aliis
423 1395 523 1516 oculi
548 1395 667 1465 ellossi
690 1409 807 1475 erant,
838 1395 919 1465 aliis
947 1393 1110 1463 mutilata
1161 1409 1358 1479 polluntur:
1385 1430 1424 1477 ac
1440 1421 1561 1500 postea
1586 1406 1738 1477 similem
1755 1408 1883 1480 volum
1906 1432 1983 1479 ωε
2001 1420 2145 1502 pom.

121 1498 289 1587 brachia,
322 1500 435 1593 aliqu1
463 1511 624 1568 mortuos
646 1511 898 1567 revocaverant
930 1496 968 1565 in
991 1494 1111 1567 vitam.
1163 1524 1235 1581 tem
1259 1509 1475 1580 iudiciorum
1500 1508 1659 1603 synodi,
1685 1523 1721 1579 91
1745 1510 1965 1581 judiciorum
1981 1509 2146 1584 politico.

123 1608 250 1679 Talem
267 1625 468 1722 consessum
485 1600 607 1670 videre
622 1614 656 1720 et
669 1599 804 1685 audire,
814 1613 958 1719 'quanta
974 1597 1111 1668 foelici-
1162 1637 1261 1697 mm,
1286 1636 1357 1706 qua
1372 1612 1412 1681 in
1428 1635 1465 1680 re
1479 1633 1628 1701 magnus
1643 1625 1697 1684 est
1711 1636 1813 1682 mor
1822 1627 1833 1699 3
1858 1615 1921 1683 sed
1936 1627 2061 1685 nmen
2074 1615 2147 1708 1¹er

122 1724 174 1783 tas
189 1708 265 1780 est?
289 1704 392 1776 Talis
408 1726 591 1774 consessus
605 1725 634 1770 ει
650 1704 793 1795 quando
813 1704 948 1772 rudrcat
967 1713 1111 1770 contro·
1161 1713 1488 1785 rimomm.2nimis
1507 1714 1557 1784 {12
1584 1713 1731 1798 infixus,
1756 1725 1796 1784 ut
1818 1715 1923 1784 evelli
1941 1739 2020 1787 non
2035 1717 2148 1810 possit,

123 1811 256 1882 versias
266 1805 463 1889 Ecclesiae,
484 1829 567 1874 vere
581 1799 755 1900 hymnum
771 1804 979 1895 angelorum
996 1801 1109 1872 canit:
1163 1842 1203 1887 ac
1227 1838 1373 1908 prorsus
1395 1817 1434 1884 fit
1458 1812 1524 1885 hac
1553 1816 1591 1884 in
1615 1839 1673 1902 re,
1699 1818 1796 1910 quod
1822 1817 1914 1887 dixit
1927 1815 2145 1890 simonides:

124 1913 253 1986 Gloria
275 1910 315 1980 in
339 1907 483 1981 excelsis
498 1904 596 1992 Deo,
618 1920 653 1977 ει
676 1908 716 1976 in
732 1920 928 1999 tempas,
951 1898 1111 1974 homini·
2083 1902 2088 1911 ’

123 2019 192 2089 bus
206 2012 357 2086 laeticia.

225 2111 280 2187 Ac
296 2111 469 2204 singulari
483 2111 633 2182 consilio
650 2108 745 2183 Deus
760 2110 877 2181 voluit
891 2108 1024 2180 iudicia
1039 2101 1112 2176 Ec-

125 2219 250 2294 clesiae
266 2213 335 2288 hoc
348 2216 456 2285 modo
473 2215 646 2300 exerceri,
671 2238 746 2283 non
767 2225 808 2283 ut
824 2211 987 2309 tyrannis
1009 2222 1111 2289 esset,

124 2325 187 2396 ted
202 2335 243 2393 ut
257 2318 363 2390 multi
377 2316 474 2387 docti
490 2329 526 2387 ει
540 2317 591 2409 pii
608 2316 801 2387 sententias
817 2315 956 2407 placide
971 2313 1113 2382 confer·

124 2438 226 2510 rent,
260 2420 425 2494 etmulti
453 2433 569 2490 essent
592 2419 752 2490 veritatis
775 2430 899 2500 testes,
924 2429 958 2486 et
980 2412 1113 2505 singuli

124 2528 278 2600 aliorum
308 2522 513 2595 testimonio
544 2523 854 2592 confirmarentur.
912 2516 997 2588 Ideo
1021 2515 1111 2586 scri-

126 2647 227 2726 ptum
261 2642 328 2698 cst:
371 2623 412 2697 Si
444 2623 552 2693 suerit
585 2623 724 2694 sedenti
757 2623 972 2705 revelatum,
1000 2630 1113 2689 taceat

59 2738 62 2743 ’
125 2733 237 2829 prior.
292 2728 419 2798 Talem
452 2740 667 2797 conventum
700 2749 806 2794 verae
835 2720 1015 2795 Ecclesiae
1045 2720 1113 2790 ali-

126 2835 271 2933 quando
288 2828 366 2900 fieri
381 2840 556 2919 optemus.

229 2932 290 3005 llli
306 2955 391 3002 vero
406 2943 604 3003 conventus
620 2926 829 3000 Pontificiae
845 2926 1028 3011 factionis,
1048 2925 1115 2995 ubi

125 3036 289 3111 homines
305 3033 435 3128 polluti
449 3033 556 3103 idolis
573 3046 608 3104 ει
623 3032 859 3117 libidinibus,
877 3043 939 3101 aut
951 3027 1114 3098 fascinati

126 3141 226 3216 tetris
256 3136 458 3222 erroribus,
498 3130 563 3207 καὶ
581 3128 855 3229 τετυφωμένοι,
895 3129 1116 3203 conveniunt

124 3241 220 3316 hanc
242 3242 355 3332 ipsam
382 3239 430 3308 ob
455 3260 613 3323 causam,
639 3250 679 3307 ut
700 3259 782 3306 suos
804 3237 944 3306 furores
965 3246 1000 3304 et
1014 3256 1114 3302 suam

126 3343 352 3442 tyrannidem
369 3339 599 3424 confirment,
618 3338 734 3433 qualis
749 3338 817 3408 luit
835 3334 1059 3429 congregatio
1077 3334 1116 3403 in

128 3447 288 3542 proxima
304 3442 517 3512 Tridentina
530 3438 700 3536 Synodo‚
723 3454 785 3511 aut
799 3438 1038 3523 Bononiensi,
1051 3461 1116 3506 ne-

128 3571 307 3646 quaquam
331 3559 416 3617 sunt
437 3568 541 3613 verae
563 3541 742 3614 Ecclesiae
762 3543 919 3639 Synodi‚
945 3541 1006 3610 sed
1033 3552 1117 3609 sunt

130 3663 332 3722 conventus
349 3669 557 3738 cereopum,
588 3661 650 3717 aut
665 3661 800 3715 veteres
816 3647 997 3716 dicebant:
1024 3637 1116 3742 dyo-

131 3750 180 3849 pat
206 3741 422 3844 κερκώπων.
791 3830 801 3845 „

231 3869 286 3941 De
301 3863 358 3937 his
372 3866 486 3937 facilis
503 3879 555 3936 est
574 3866 740 3936 refutatio
757 3863 957 3956 argumenti
972 3863 1041 3934 tui:

182 3988 360 4060 Iudicium
373 3986 450 4057 sine
466 3979 682 4056 authoritate
701 3998 753 4054 est
768 3982 913 4054 inutile:

182 4091 347 4181 Cognitio
364 4089 404 4158 in
420 4088 566 4185 Synodo
586 4101 637 4158 est
653 4111 830 4157 summum
847 4083 1032 4157 iudicium.

184 4192 300 4286 igitur
315 4214 438 4284 parere
453 4214 594 4260 neccsse
609 4206 671 4260 est.

235 4323 452 4420 Respondeo
471 4328 515 4395 de
531 4325 688 4395 minore:
713 4320 867 4393 Etiamsi
885 4321 1059 4393 iudicium
1079 4321 1119 4390 in

133 4433 282 4529 Synodo
298 4454 381 4500 vera
400 4452 581 4499 summum
596 4441 704 4512 esset,
730 4439 850 4497 tamen
868 4420 907 4494 hi
924 4438 1120 4495 conventus

133 4532 333 4616 Pontificii,
350 4557 424 4602 non
442 4524 987 4625 suntSynodiveraeEcclesiae.
1011 4526 1120 4598 Nulla

22 4660 31 4667 ·
135 4663 203 4708 vox
226 4636 340 4705 libera
363 4630 523 4704 hominis
547 4632 598 4726 pii
623 4646 658 4703 et
678 4630 810 4702 eruditi
831 4631 988 4703 auditur.
1039 4628 1121 4700 Non

134 4752 298 4811 servatur
323 4736 380 4807 lex
401 4736 525 4805 divina
546 4748 583 4806 ει
601 4734 796 4816 naturalis,
822 4729 969 4828 ἀμφοῖν
984 4726 1124 4825 ὁμοίως

137 4837 365 4936 ἀκροᾶσθαι.
422 4834 471 4909 Ει
498 4837 660 4909 iudicant
686 4832 851 4907 homines
875 4831 1047 4930 Epicurei
1080 4836 1124 4904 de

136 4948 243 5016 rebus
270 4940 419 5033 ignotis,
446 4942 544 5033 quod
572 4942 676 5010 etiam
702 4938 813 5011 veteri
835 4962 941 5010 versu
961 4933 1125 5032 prohibi-

137 5062 214 5119 tum
234 5058 296 5118 cst.

184 5153 320 5243 Μήποτε
343 5153 380 5220 dl
402 5153 516 5239 κρίνειε
536 5143 722 5238 ἆδαῆμενας
743 5150 862 5238 ἄνδρας
881 5147 992 5228 ἰάσεις.

241 5262 364 5357 ltaque
379 5272 624 5351 argumentum
644 5261 734 5330 illud
752 5263 796 5330 de
816 5260 941 5341 iudicii
965 5252 1128 5337 authori7

140 5383 211 5442 tate
233 5391 309 5437 non
330 5363 576 5459 patrocinatur
596 5360 653 5435 his
670 5363 846 5460 Synodis,
873 5384 961 5455 quas
976 5358 1128 5432 Pontifi-

1162 1913 1206 1990 τὸ
1232 1913 1359 1991 δοκεῖν
1383 1910 1506 2014 βιάζει
1528 1911 1600 2012 τὴν
1623 1910 1816 2012 ἀλήθειαν.
1847 1990 1850 1995 ,
1870 1915 2004 1992 Valent
2024 1920 2148 1993 iudicia

1163 2021 1282 2092 civilia
1299 2016 1516 2092 authoritate
1530 2016 1643 2111 Regia
1665 2045 1727 2091 seu
1743 2018 1937 2096 Praetoria.
1989 2020 2098 2095 Valet
2119 2037 2149 2094 et

1166 2123 1411 2217 interpretatio
1433 2122 1569 2213 legum,
1601 2117 1817 2194 authoritate
1833 2120 1949 2215 Regia
1968 2148 2035 2197 seu
2049 2122 2150 2197 Prae·

1163 2226 1267 2298 toria.
1324 2223 1475 2296 Necesse
1492 2237 1544 2294 est
1560 2223 1670 2314 igitur
1683 2249 1817 2318 parere.

1265 2342 1337 2416 Sed
1357 2368 1431 2414 non
1454 2356 1507 2414 est
1528 2342 1656 2413 similis
1670 2336 1867 2415 authoritas
1882 2343 2102 2419 iudiciorum
2115 2347 2151 2419 in

1163 2446 1320 2543 Synodis
1335 2446 1374 2516 in
1390 2441 1567 2532 Ecclesia,
1591 2445 1676 2540 quia
1691 2443 1829 2540 Synodi
1853 2471 1931 2518 non
1950 2463 2039 2521 suut
2059 2474 2150 2523 sum-

1163 2551 1215 2619 mi
1230 2549 1386 2636 iudices,
1411 2550 1472 2619 sed
1488 2548 1563 2641 ipsa
1580 2573 1648 2618 vox
1657 2545 1743 2629 Dei,
1768 2562 1803 2620 et
1816 2548 2066 2643 interpretatio
2080 2577 2149 2625 nou

1164 2667 1216 2724 est
1245 2652 1387 2743 alligata
1421 2650 1584 2745 personis
1616 2649 1868 2723 iudicantibus.
1927 2648 2080 2725 Donum
2103 2669 2151 2727 est

1164 2755 1262 2827 enim
1279 2755 1319 2823 in
1335 2749 1513 2834 Ecclesia,
1537 2776 1613 2823 non
1636 2765 1688 2824 est
1706 2766 1862 2846 potestas
1882 2756 2059 2829 attributa
2082 2782 2150 2829 cer·

1167 2858 1213 2929 tis
1232 2856 1420 2949 gradihus,
1445 2869 1485 2927 ot
1503 2855 1748 2948 interpretatio
1762 2856 1881 2947 legum
1897 2856 2063 2929 civilium
2080 2884 2149 2931 cer-

1168 2960 1215 3030 tis
1236 2958 1405 3050 gradibus
1429 2957 1599 3028 attributa
1621 2970 1692 3043 est,
1717 2957 1801 3052 quia
1818 2961 2084 3031 controversiae
2104 2962 2149 3033 ci·
2185 2992 2188 3043 t

1167 3063 1256 3132 viles
1270 3060 1410 3132 ratione
1424 3058 1576 3130 iudicari
1591 3074 1759 3152 possunt,
1779 3084 1870 3156 quae
1884 3064 2090 3134 communis
2104 3078 2149 3135 est
2185 3070 2188 3155 ξ

1164 3162 1327 3234 omnium
1350 3185 1553 3234 sanorum„¹
1590 3157 1739 3232 Etcum
1767 3162 1909 3233 nullum
1938 3163 1989 3236 sit
2019 3166 2148 3236 animae
2185 3158 2187 3197 ³

1165 3265 1365 3360 periculum
1384 3264 1424 3333 in
1441 3264 1576 3335 iactura
1591 3286 1711 3334 rerum
1724 3264 1988 3356 corporalium,
2012 3269 2147 3340 obedire
2184 3256 2187 3367 l

1167 3367 1366 3440 sententiae¹
1378 3366 1507 3438 iudicis
1524 3366 1631 3436 etiam
1647 3366 1799 3436 errantis
1814 3366 1909 3441 licet.

1270 3484 1321 3558 Αι
1343 3486 1381 3556 ἱιι
1403 3485 1567 3555 doctrina
1586 3508 1816 3579 nequaquam
1840 3485 2085 3560 obediendum
2106 3502 2149 3560 ειι

1168 3590 1362 3663 εειιιειιιὶιε
1388 3586 1517 3658 iudicis
1543 3587 1707 3658 errantis.
1757 3587 1845 3658 Ideo
1868 3611 1978 3659 nemo
1996 3591 2151 3682 obligan-

1167 3696 1235 3765 dus
1256 3706 1329 3774 εει,
1353 3703 1396 3761 ιιι
1417 3689 1601 3781 promittat
1617 3713 1653 3759 se
1668 3688 2000 3782 obtemperaturum
2018 3708 2151 3765 senten-

1168 3797 1238 3867 tiae
1254 3792 1410 3889 Syoodi,
1436 3815 1544 3885 quam
1558 3791 1722 3862 nondum
1736 3791 1888 3865 audivit.
1940 3790 2038 3865 Nam
2053 3796 2152 3869 etiam

1168 3897 1280 3968 sancti
1295 3895 1368 3967 labi
1385 3907 1554 3988 possunt,
1577 3907 1727 3985 possunt
1743 3908 1779 3966 et
1796 3900 1948 3965 numero
1971 3898 2157 3989 suffragio-

1169 4023 1251 4069 rum
1268 3997 1385 4082 vinci,
1409 3996 1515 4069 etiam
1540 4020 1622 4069 cum
1644 3995 1713 4088 ipsi
1732 4019 1833 4068 veras
1848 4000 2050 4071 sententias
2062 4001 2154 4073 dixe·

1170 4116 1268 4175 runt.
1320 4098 1434 4190 Saepe
1458 4099 1555 4170 enim
1581 4094 1650 4168 hoc
1674 4098 1822 4183 accidit,
1858 4111 1899 4170 ut
1929 4101 2052 4174 maior
2081 4124 2156 4199 para

1170 4203 1291 4274 vincat
1311 4202 1507 4272 meliorem.
1556 4199 1631 4271 Nec
1652 4199 1693 4269 in
1712 4197 1892 4285 Ecclesia,
1918 4215 1962 4272 ut
1987 4204 2029 4276 iu
2050 4206 2158 4301 imps-

1170 4306 1253 4391 riis,
1279 4305 1400 4374 valere
1418 4303 1552 4374 debent
1568 4302 1763 4375 sentcntiae
1777 4326 1943 4375 numero.

1275 4433 1374 4531 Ergo
1396 4436 1557 4531 inquies,
1584 4436 1715 4535 iudicia
1740 4436 1973 4533 Synodorum
1996 4452 2083 4512 sunt
2106 4440 2157 4511 io·

1172 4541 1301 4617 utilia?
1351 4536 1587 4634 Respondeo:
1625 4534 1743 4610 Etiam
1774 4562 1879 4609 verae
1904 4536 2048 4635 Synodi
2069 4541 2159 4613 iudi·

1174 4647 1271 4718 cium
1290 4668 1366 4714 non
1391 4641 1533 4741 penitus
1559 4640 1654 4711 tollit
1680 4641 1958 4728 controversias,
1985 4657 2028 4717 ut
2043 4645 2159 4735 politi·

1175 4774 1272 4820 curn:
1304 4759 1346 4816 ut
1368 4769 1435 4815 nec
1452 4742 1708 4837 Apostolorum
1725 4743 1914 4840 Synodus,
1938 4767 2010 4817 nec
2031 4744 2160 4818 Nicent

1176 4850 1318 4944 penitus
1333 4848 1553 4919 sustulerunt
1568 4848 1845 4927 controversias,
1871 4848 2068 4942 dequibus
2084 4873 2161 4944 pro-

1176 4954 1405 5025 nunciarunt.
1460 4948 1538 5018 tmo
1554 4948 1760 5020 incendium
1770 4945 1959 5035 Arianum,
1981 4951 2161 5045 aliquanto

1178 5070 1258 5146 post
1273 5053 1386 5123 multo
1401 5051 1515 5121 maius
1530 5052 1663 5139 facttum
1681 5065 1750 5137 est,
1775 5066 1816 5122 ut
1832 5052 1873 5123 lit
1888 5052 1970 5142 igne
1986 5055 2162 5147 paulisper

1178 5180 1358 5249 represso,
1383 5179 1458 5224 non
1476 5177 1622 5244 prorsus
1643 5154 1822 5225 restincto.
1875 5150 2040 5228 Eatenus
2061 5156 2162 5249 igitur

1178 5260 1363 5332 latendum
1389 5271 1441 5328 est
1457 5256 1597 5351 Synodi
1621 5255 1793 5326 iudicium
1819 5257 1950 5328 inutile
1964 5280 2062 5342 esse,
2086 5258 2160 5355 qnia

1180 5388 1255 5434 non
1270 5361 1412 5454 penitus
1428 5360 1522 5431 tollit
1538 5357 1807 5430 controversias.
2035 5353 2039 5359 ’
