4546 5760
191 319 254 384 pto.
272 314 422 364 mercetur
434 306 463 388 iq
476 301 602 384 biblioth.
615 323 644 357 re
663 301 687 356 is
700 301 897 387 llanpoverse,
914 277 1083 376 euins'lergo

189 397 277 434 manu
291 375 368 433 Pauli
380 373 463 430 Ebert
473 387 558 443 petris
568 372 635 427 baec
646 383 789 442 inscriptio
803 370 895 426 addus
911 381 965 427 ests

91 541 267 626 Quaestio
294 559 319 608 α
344 535 492 609 Paulo
518 528 660 603 Ebero
686 527 764 628 filio
784 535 980 624 proposita
1000 525 1086 602 Do·

80 644 187 714 ‘cloes’
226 637 427 712 Iohanni
464 632 675 708 Nartem
712 635 904 730 cygnaeo,
952 639 993 706 irs
1022 657 1085 706 re-

93 746 344 817 nunciatione
371 739 516 838 proclus
544 739 784 827 nectareus,
817 735 882 809 dle
911 740 1018 810 Petri
1048 746 1086 807 ct

466 842 579 914 Pauli
607 838 716 913 1552.

76 998 79 1002 ⁴
96 993 258 1080 Nostrae
273 1007 395 1078 aetatis
405 1007 567 1076 nondum
579 1018 642 1090 est,
668 1027 979 1100 causasquaerere‚
1004 1029 1089 1098 pro-

98 1123 180 1203 pter
200 1134 288 1204 quas
308 1108 448 1202 sapiens
465 1106 669 1199 Antiquitas
693 1107 809 1176 locum
826 1108 968 1178 dicendi
984 1108 1090 1178 nobis

99 1212 248 1299 tribuit,
286 1212 326 1280 in
356 1206 413 1280 his
441 1209 594 1302 publicis
622 1209 886 1298 congressibus,
924 1210 988 1279 ubi
1018 1222 1090 1279 tam

100 1314 208 1385 multi
228 1337 328 1382 senes
349 1311 552 1383 eruditione
573 1323 608 1380 ει
624 1312 756 1382 virtute
773 1325 987 1403 praestantes
1004 1336 1092 1381 con-

100 1388 264 1488 veniunt.
315 1413 386 1486 Sed
408 1413 555 1483 obedire
574 1434 640 1481 nos
662 1427 850 1504 parentum
866 1414 1043 1484 voluntati
1060 1429 1092 1485 ει

102 1518 241 1607 legibus
263 1519 372 1587 decet.
422 1514 513 1586 Cum
529 1528 646 1584 autem
663 1515 865 1585 carissimus
881 1530 980 1607 pater
993 1539 1093 1584 meus

103 1619 143 1690 in
173 1615 341 1688 hocloco
364 1639 564 1710 proponere
587 1640 642 1685 me
663 1616 905 1709 quaestionem
928 1618 1094 1704 voluerit,

102 1722 234 1792 usitato
256 1725 373 1801 more,
400 1743 501 1810 spero
524 1741 587 1786 vos
610 1742 724 1786 meam
747 1719 988 1789 obedientiam
1009 1744 1094 1812 pro·

101 1824 249 1895 baturus
273 1845 364 1903 esse,
391 1835 426 1891 et
446 1832 647 1890 reverenter
664 1844 747 1906 oro,
771 1833 813 1891 ut
826 1822 999 1914 puerilem
1014 1847 1095 1893 ora-

101 1925 238 1996 tionem
253 1948 367 1994 meam
379 1923 466 1993 boni
483 1920 684 1995 consulatis.

139 2112 141 2119 ·
164 2041 181 2129 ‚¹
205 2061 254 2136 Et
276 2050 359 2157 quia
380 2056 449 2132 hoc
464 2074 623 2152 tempore
640 2061 685 2130 de
701 2058 843 2131 Medica
861 2075 937 2132 arte
953 2061 1095 2150 dicitur,

102 2165 224 2236 minus
237 2166 439 2235 mirandum
458 2179 525 2246 est,
551 2186 659 2255 quare
674 2176 708 2232 et
722 2175 863 2233 nostrae
876 2167 980 2235 aetati
995 2167 1094 2236 locus

104 2268 248 2339 dicendi
279 2267 467 2338 tribuatur.
527 2261 776 2335 Rectissimmn
807 2280 858 2335 est
882 2267 995 2349 enim,
1028 2292 1094 2338 nos

49 2435 56 2447 ,
104 2370 221 2442 statim
238 2370 282 2438 ab
296 2367 446 2436 infantia
461 2365 657 2450 adsnefieri,
683 2380 722 2435 ut
735 2390 815 2434 cum
831 2392 898 2456 ope
912 2369 998 2440 artis
1013 2369 1094 2438 Me-

105 2474 205 2542 dicae
230 2485 349 2541 tenera
367 2467 574 2560 corpuscula
591 2467 799 2548 foveantur,
825 2469 1001 2539 discamus
1016 2468 1094 2543 Deo

103 2573 232 2665 gratias
247 2595 348 2662 agere
362 2595 428 2662 pro
445 2568 626 2648 remediis,
653 2583 687 2638 et
701 2592 912 2640 veneremur
922 2572 1094 2661 Medicus,

102 2699 256 2770 quorum
272 2673 446 2744 industria
462 2671 567 2739 nobis
581 2694 683 2760 saepe
700 2671 907 2761 opitulatur.

204 2804 283 2895 Ago
315 2805 435 2897 itaque
458 2802 587 2892 gratias
610 2798 687 2873 Deo
709 2802 906 2889 conditori,
939 2809 1033 2898 quod
1061 2821 1094 2878 et

102 2924 238 2982 caetera
269 2910 381 2990 bona,
415 2918 448 2974 et
471 2904 627 2973 remedia
649 2906 856 2997 morborum
880 2909 1042 2979 condidit
1060 2923 1095 2981 et

101 3009 333 3090 monstravit,
359 3022 393 3079 et
409 3031 489 3079 euru
504 3030 581 3088 oro,
607 3020 648 3077 ut
662 3005 771 3077 vitam
784 3021 941 3078 nostram
953 3022 1094 3082 tueatur

99 3127 136 3184 ει
152 3127 259 3205 regat.

204 3230 416 3322 Suppeditat
445 3242 562 3299 autem
588 3226 663 3318 ipsa
684 3240 833 3298 naturae
855 3229 1005 3299 varietas
1027 3235 1093 3303 do·

101 3326 396 3405 ctishominibus
423 3329 579 3399 infinitas
600 3329 766 3400 materias
790 3331 1094 3425 inquisitionedi-

102 3457 201 3526 gnos.
258 3432 329 3505 Sed
349 3456 413 3524 ego
435 3431 523 3516 iam,
558 3442 598 3501 ut
619 3430 718 3503 locus
738 3427 865 3503 Esaiae
885 3433 1094 3524 illustretur,

101 3538 302 3620 interrogo:
332 3527 440 3631 Quid
459 3525 640 3627 significet
664 3531 901 3621 vermiculus,
935 3559 1013 3606 cum
1036 3536 1093 3609 ait

78 3631 82 3639 ⁷
101 3633 269 3707 Esaias:
293 3632 343 3707 Si
358 3644 507 3732 peccata
526 3641 646 3704 vestra
659 3646 763 3705 eruat
780 3644 819 3706 ul
836 3633 1034 3735 coccinum,
1059 3650 1092 3711 el

104 3737 218 3810 rubra
235 3746 274 3809 al
292 3735 525 3822 vermiculus,
551 3733 653 3806 erilis
668 3732 825 3807 candidi
836 3738 930 3809 sicul
946 3738 1026 3813 nix.

203 3871 302 3945 llaec
320 3872 447 3943 concio
465 3874 509 3941 de
524 3871 740 3963 poenitentia
756 3898 835 3942 cum
852 3889 885 3946 rt
900 3877 1097 3969 decriptio⁴

52 3977 55 3980 ’
100 4001 185 4050 ιιειιι
215 3991 357 4046 nostrae
380 3974 543 4044 miseriae
567 3987 601 4042 et
623 3973 861 4045 dulcissimam
885 3979 1091 4069 promissio-

102 4105 186 4150 nem
208 4079 406 4157 continoat,
439 4075 645 4165 dignissima
667 4085 718 4145 est
741 4079 924 4169 perspicua
947 4105 1092 4153 enarra·

102 4183 224 4254 lione.
271 4177 330 4250 An
359 4178 573 4248 vermiculus
595 4170 653 4245 hic
676 4180 837 4266 generale
860 4207 991 4251 nornen
1017 4185 1092 4255 est?

101 4280 179 4355 Aut
205 4295 337 4353 certam
367 4279 555 4349 vermiculi
586 4281 735 4367 speciem
760 4281 964 4369 significat?
1014 4283 1089 4376 Ego

101 4387 246 4481 quidem
269 4382 449 4465 existimo,
483 4379 565 4473 quia
590 4375 767 4472 Propheta
791 4385 951 4456 raonrinat
975 4389 1090 4458 cocci-

99 4511 208 4566 num,
235 4485 385 4572 intelligi
409 4478 467 4554 hic
481 4494 610 4552 certam
626 4483 776 4572 speciem
794 4487 999 4572 vermiculi,
1025 4492 1087 4584 qui

97 4589 262 4659 videlicet
282 4612 324 4655 ex
346 4610 449 4656 cocco
473 4584 640 4657 nascitur.
691 4581 831 4656 Nomen
853 4613 938 4659 vero
963 4614 1088 4663 coccus

98 4704 134 4762 ει
148 4691 263 4782 lpsum
276 4689 439 4759 fruticem
456 4686 646 4776 significat,
673 4698 707 4756 el
719 4709 868 4774 granum
885 4691 994 4779 ligura
1009 4693 1087 4763 len.
1119 4738 1122 4745 .

96 4794 161 4879 lis,
189 4804 249 4862 aut
266 4789 344 4880 pisi,
371 4791 466 4885 quod
481 4790 517 4858 in
534 4812 575 4857 eo
588 4787 715 4857 frutice
731 4790 897 4863 nascitur.
950 4791 989 4863 ld
1005 4818 1084 4885 gra-

95 4919 184 4967 num
198 4893 349 4966 vertitur
364 4895 402 4960 in
418 4891 666 4977 vermiculum,
692 4890 754 4982 qui
770 4903 820 4961 est
838 4895 982 4963 materia
998 4921 1093 4986 pur-¹

93 4997 196 5088 purei
213 4993 361 5076 coloris,
386 4993 501 5086 qualis
519 5005 570 5062 cst
587 4989 782 5071 linearum,
807 5017 911 5085 quem
929 4986 1081 5069 Carme-

91 5097 154 5170 εἰει
170 5109 315 5180 vomant,
341 5118 447 5189 quem
464 5094 502 5164 in
520 5094 648 5163 vestitu
663 5092 749 5162 olim
763 5090 879 5184 Reges
894 5098 962 5168 sibi
980 5103 1082 5172 attri-

91 5202 263 5285 buerunt,
288 5211 328 5269 ut
344 5197 367 5266 ‘a
385 5197 518 5287 populo
532 5195 829 5266 discernerentur.
880 5194 950 5302 llic
965 5202 1080 5277 frutex

90 5302 131 5372 in
147 5300 268 5375 Gallis
284 5298 510 5374 Narbonensi
531 5321 630 5371 nuuc
650 5321 792 5396 quoque
808 5298 950 5393 copiose
963 5305 1080 5377 nasci-

673 129 1094 228 ouaasrroass
1126 135 1534 261 acaoourcar.
1570 171 1573 189 ,

2070 156 2139 251 824

1135 325 1204 389 tur.
1266 312 1350 386 ldeo
1379 319 1417 388 io
1441 316 1560 392 Gallia
1591 324 1706 416 panni
1728 325 1837 400 multi
1860 329 1977 416 bont,
2013 332 2142 425 quibus

1135 441 1266 485 nomen
1293 431 1344 488 est
1366 413 1600 512 Scharlacls,
1633 427 1720 519 quia
1742 425 1884 501 Rustici
1915 433 1958 501 in
1978 457 2021 504 ea
2046 448 2141 529 parte

1137 514 1277 587 Galliae
1298 543 1446 609 granum
1473 528 1562 597 illud
1592 529 1784 602 nominant
1804 528 2040 608 Scarlalum.
2101 535 2140 607 ld

1138 644 1269 688 nomen
1292 622 1435 696 videtur
1463 652 1505 700 ex
1535 626 1674 702 Graeco
1705 632 1839 704 lactum
1862 631 2076 726 Scolecs'on,
2104 639 2141 711 id
2171 721 2172 726 ἵ

1138 735 1206 806 est,
1234 720 1471 798 vermiculus.
1524 726 1587 802 Ait
1610 732 1878 824 et'l‘ausanias,
1903 740 2015 809 talem
2038 741 2141 812 fruti·

1139 848 1212 893 cem
1245 824 1384 895 lentisci
1412 831 1545 920 specie,
1583 834 1621 904 in
1652 837 1796 921 regione
1829 838 2005 912 Graeciae
2036 844 2141 928 nasci,

1129 937 1230 1019 'quae
1255 923 1448 998 Phocensis
1472 934 1616 1010 dicitur.
1678 936 1848 1011 Scribunt
1873 958 1906 1012 et
1932 944 1971 1012 in
1996 941 2083 1015 Asia
2104 945 2139 1015 in

1141 1027 1285 1116 regione
1304 1026 1513 1104 Galatarum
1536 1040 1677 1130 copiose
1699 1040 1808 1115 nasci.
1859 1041 2004 1133 Recens
2026 1061 2140 1119 autem

1141 1129 1262 1198 andivi
1286 1143 1321 1200 et
1346 1133 1384 1200 in
1408 1133 1558 1206 Polonia
1580 1142 1697 1228 nasci,
1725 1155 1759 1210 ει
1784 1167 1934 1230 granum
1959 1148 2140 1220 nominari

1142 1226 1350 1319 Tsersvicz,
1384 1261 1424 1304 ac
1451 1262 1619 1328 magnum
1652 1256 1837 1336 quaestum
1862 1247 1950 1317 olim
1975 1244 2140 1322 babuisse

1144 1332 1300 1404 Polonos
1325 1359 1366 1405 ex
1390 1341 1598 1413 venditione
1619 1344 1695 1413 eius
1709 1345 1914 1436 vermiculi,
1939 1351 2032 1423 adeo
2049 1367 2089 1425 ut
2103 1352 2138 1423 in

1144 1434 1373 1523 vectigalibus
1398 1440 1538 1512 circiter
1560 1469 1618 1514 sex
1643 1447 1756 1516 millia
1782 1472 1972 1521 aureorum
1990 1450 2083 1545 Regi
2100 1479 2140 1526 ει

1143 1560 1183 1605 ea
1204 1560 1243 1605 re
1265 1551 1403 1608 tantum
1428 1547 1621 1617 accesserit.
1672 1545 1777 1619 Nunc
1794 1575 1877 1622 vero
1895 1554 2019 1625 minus
2034 1581 2137 1650 appe-

1144 1639 1249 1723 titur,
1268 1632 1429 1735 'vel'quia
1446 1644 1484 1713 in
1494 1644 1824 1740 Hispania‘inventa
1841 1672 1894 1725 est
1910 1669 2025 1745 terra,
2052 1682 2139 1753 quse

1145 1741 1281 1809 etiarnsi
1311 1743 1430 1813 minus
1458 1748 1657 1821 durabilem
1682 1753 1836 1823 colorem
1859 1758 1985 1844 efficit,
2023 1773 2139 1832 tamen

1144 1843 1285 1911 minore
1314 1846 1435 1935 precio
1469 1851 1617 1938 emitur,
1652 1854 1708 1923 vel
1735 1856 1817 1949 quia
1841 1856 1999 1930 l’olonos
2025 1865 2139 1934 taedet

1145 1957 1351 2035 sumptuum
1382 1962 1417 2018 et
1446 1951 1661 2025 assiduitatis
1691 1957 1730 2024 in
1762 1960 1981 2050 adparando.
2047 1962 2136 2034 Nam

1145 2067 1255 2134 grana
1283 2047 1450 2132 collecta,
1484 2065 1603 2144 postea
1636 2058 1674 2127 in
1690 2059 1791 2129 areis
1814 2061 2022 2134 collocanda
2047 2079 2138 2152 sunt,

1144 2159 1179 2217 ει
1211 2171 1275 2239 per
1312 2149 1449 2244 aliquot
1480 2157 1556 2228 dies
1584 2160 1745 2254 quotidie
1779 2163 1925 2252 riganda
1956 2168 2135 2240 cerevisia.

1147 2246 1230 2320 l‘ost
1245 2244 1336 2320 hanc
1352 2252 1562 2344 rigationem
1580 2277 1767 2334 vertuntur
1784 2264 1819 2333 in
1837 2267 2064 2343 vermiculos.

1245 2383 1299 2458 De
1320 2390 1451 2462 talibus
1473 2397 1676 2468 vermiculis
1692 2402 1792 2495 loqui
1809 2400 2029 2497 Prophetam
2044 2404 2136 2491 nihil

1145 2489 1294 2559 dubium
1317 2505 1379 2566 est.
1431 2492 1480 2566 Et
1501 2523 1581 2568 cum
1598 2503 1754 2573 colorem
1772 2509 1936 2579 nominat
1951 2510 2074 2581 cruori
2089 2512 2135 2581 si-

1145 2590 1286 2674 milem,
1310 2594 1479 2667 describit
1502 2614 1640 2671 nostras
1662 2605 1833 2679 miserias.
1884 2606 1949 2681 Ait
1966 2636 2035 2681 nos
2052 2624 2160 2703 psoe-

1145 2705 1224 2780 pter
1247 2693 1378 2765 scelera
1402 2703 1537 2790 magnis
1560 2716 1595 2773 et
1609 2706 1717 2777 variis
1733 2710 1914 2799 suppliciis
1931 2710 2074 2802 puniri,
2098 2727 2137 2785 ut

1144 2794 1236 2890 latro
1259 2795 1420 2867 laceratis
1441 2805 1611 2874 rnembris
1633 2806 1672 2874 in
1695 2811 1873 2901 supplicio
1894 2829 2067 2886 cruentus
2085 2816 2135 2886 is·

1144 2909 1209 2967 cet.
1262 2894 1296 2967 T
1297 2898 1388 2968 alem
1403 2925 1476 2972 esse
1491 2907 1642 2995 speciem
1659 2933 1756 2980 nunc
1771 2912 1943 2985 laceratae
1955 2911 2134 2988 Ecclesiae

1145 2996 1317 3073 videmus.
1357 2998 1470 3073 Addit
1486 3005 1776 3101 igiturPropheta
1793 3014 2036 3087 dulcissimam
2052 3042 2135 3088 coss-

1097 3138 1108 3153 -
1143 3098 1373 3182 solationem,
1400 3105 1506 3174 etiarn
1529 3134 1609 3179 cum
1630 3114 1717 3183 tales
1734 3115 1850 3200 eritis,
1875 3118 2008 3208 polluti
2025 3121 2134 3197 scelt-⁴

1142 3200 1256 3285 ribus,
1282 3216 1317 3272 et
1330 3203 1473 3277 lacerati
1489 3211 1708 3296 vulneribus,
1731 3231 1766 3287 et
1778 3219 1981 3311 squalentes
1995 3246 2131 3294 cruore:

1143 3298 1282 3372 Tamen
1296 3305 1326 3373 si
1343 3308 1387 3376 ad
1403 3307 1516 3380 Deum
1532 3316 1697 3385 conversi
1708 3316 1873 3401 fueritis,¹
1892 3318 2042 3396 Deuse't
2056 3348 2133 3417 pcc·

1142 3415 1219 3473 cata
1249 3408 1421 3494 remittet,
1454 3426 1488 3484 ει
1515 3439 1647 3508 poenas
1669 3418 1797 3504 leniet,
1828 3437 1863 3493 et
1883 3426 2012 3496 reddet
2035 3425 2132 3497 vobis

1142 3505 1269 3588 decus,
1297 3523 1337 3579 ut
1352 3511 1448 3582 velut
1465 3514 1559 3585 nivei
1575 3518 1671 3605 sitis,
1692 3521 1809 3593 ornati
1826 3525 1998 3597 omnibus
2011 3526 2125 3602 bonis.
2143 3563 2148 3575 ·
2167 3616 2173 3628 .

1243 3640 1329 3717 Fuit
1349 3661 1464 3719 autem
1487 3665 1520 3722 et
1543 3653 1617 3743 ipse
1634 3655 1727 3726 filius
1741 3654 1809 3727 Dei
1827 3663 1986 3751 pendens
2001 3664 2040 3734 in
2056 3691 2133 3737 ceu·

1141 3767 1202 3827 ce,
1225 3769 1265 3814 sc
1285 3748 1462 3820 sustinens
1485 3777 1617 3844 poenas
1631 3781 1696 3848 pro
1714 3761 1836 3842 nobis,
1862 3764 1942 3834 talis
1958 3771 2133 3837 vermicu·

1142 3844 1218 3928 lus,
1245 3848 1305 3938 qui
1320 3867 1436 3936 postea
1456 3857 1683 3927 resuscitatus
1697 3864 1852 3945 caudore
1867 3878 1901 3934 ει
1919 3866 2000 3938 luce
2015 3871 2131 3940 nivem

1142 3946 1263 4023 vincit.
1316 3949 1422 4023 Hunc
1444 3955 1563 4025 filium.
1572 3955 1640 4028 Dei
1662 3963 1868 4035 crucifixum
1893 3992 1959 4058 pro
1982 3970 2135 4045 nobiset

1139 4050 1399 4138 resuscitatum,
1422 4069 1497 4127 totu
1512 4072 1653 4148 pectore
1666 4087 1742 4147 oco,
1768 4079 1807 4136 ut
1823 4092 1888 4140 nos
1903 4094 2049 4165 quoque
2064 4073 2134 4145 iam

1141 4151 1343 4225 vulneratos
1362 4170 1395 4227 et
1410 4159 1611 4253 squalentes
1625 4188 1770 4253 cruore,
1795 4185 1896 4242 sanet
1911 4187 1945 4242 et
1962 4189 2074 4266 regat.

1243 4284 1277 4356 Α
1301 4301 1335 4358 ιε
1355 4302 1475 4361 autem
1499 4292 1691 4367 clarissime
1716 4300 1862 4372 domine
1879 4301 2025 4380 ’Βοειοι
2046 4305 2133 4382 Na·

1141 4378 1241 4455 there
1256 4381 1292 4480 *)
1317 4405 1416 4482 peto,
1441 4408 1481 4464 ut
1502 4397 1607 4465 nobis
1622 4400 1800 4490 copiosius
1815 4429 1992 4496 exponas,
2017 4414 2132 4505 qrmlis

1138 4486 1184 4559 sit
1206 4491 1321 4563 irrrtex
1338 4493 1418 4573 ille,
1444 4520 1535 4589 quae
1552 4513 1676 4570 natura
1694 4507 1816 4591 grani,
1842 4523 1876 4580 et
1892 4512 2074 4610 quidquid
2091 4519 2133 4591 de

1138 4583 1204 4661 hoc
1218 4606 1290 4665 tota
1307 4618 1347 4664 re
1361 4597 1510 4686 dignum
1527 4601 1738 4690 cogitatione
1751 4630 1826 4678 esse
1842 4608 1992 4690 indicae.

1239 4724 1319 4799 Oro
1348 4745 1466 4803 autern
1488 4733 1624 4818 Deum,
1657 4752 1698 4810 ut
1717 4753 1751 4811 te
1773 4744 1968 4838 gubernet,
2002 4764 2038 4825 et
2059 4766 2131 4829 non'

1136 4827 1229 4901 sinat
1244 4833 1339 4924 apud
1355 4857 1422 4906 nos
1436 4837 1595 4928 extirtgui
1610 4841 1794 4915 doctrinae
1810 4848 1941 4923 studia.
1993 4852 2092 4935 Dixi.

1137 4990 1341 5012 -u-—n-

1167 5086 1196 5156 ἢ
1221 5086 1345 5141 navam
1367 5089 1477 5164 scripsit
1501 5090 1682 5168 ltebrose,

1203 5154 1383 5214 remersus.

1712 5056 2133 5192 mua-now
