4546 5760
136 3695 302 3792 Denique
320 3709 398 3765 vota
414 3696 465 3787 pii
483 3695 630 3778 faciant,
656 3719 903 3790 summumque
919 3710 1101 3789 parentem

107 180 195 261 aaa
832 135 1161 248 'oa‘nurnnu
1211 176 1322 260 nra.
1355 178 1435 261 ur.
1915 186 1918 191 ·
2066 166 2173 256 nrs'

107 358 190 430 Hoc
204 353 360 425 Doctore
375 344 506 416 iterum
520 337 705 411 Bremensi
725 339 890 413 inclaruit
902 344 986 415 urbi
1057 388 1063 401 ·
1153 318 1221 422 No.
1243 350 1328 428 tat.
1789 355 2120 428 massonus-1541.

165 458 281 534 Unius
296 449 430 523 Christi
447 468 593 514 munere
610 457 707 534 parta
725 446 829 525 salus,
1169 450 1341 478 m

104 561 166 635 ,At
180 560 262 655 quia
277 556 421 626 diiinos
435 547 561 620 statuis
574 543 603 636 ς)
619 546 769 616 detraxit
785 541 951 628 honores,
1224 570 1355 625 Metaon.
1373 567 1480 624 count.
1495 570 1540 626 tat.
1558 571 1583 627 1,
1598 571 1706 695 8453,
1745 577 1824 634 qm,
1834 576 1945 653 segg„
1961 575 2042 651 μμ,
2061 574 2136 637 m

166 661 327 735 Exitium
342 645 513 724 Monachi
528 648 686 740 qualibet
700 661 774 716 arte
790 663 945 721 struunt.
962 663 967 675 “
1258 656 1285 710 l’·
1298 641 1360 696 2⁶⁶·
1371 650 1398 697 ⁸¹
1413 639 1540 696 vincent.
1556 660 1585 713 1·
1618 642 1645 698 ³·

115 766 184 839 His
196 758 418 833 furiiamitra
434 762 582 822 ornatus
597 749 695 818 dedit
715 773 812 820 arma
827 750 1031 845 Tyrannus,

169 865 244 956 Qui
267 861 411 933 tandem
427 874 632 943 oppressum
655 874 729 920 non
751 855 876 941 procul
892 854 982 922 urbe
997 864 1109 925 necat.

119 969 200 1041 Heu
214 988 277 1034 cur
292 976 363 1031 tam
378 957 496 1028 subito
513 954 637 1023 orbata
656 968 707 1021 est
720 948 876 1023 Ecclesia
893 954 957 1026 tali

170 1067 347 1147 Lumine,
372 1081 443 1153 qno
460 1048 605 1147 posthac
622 1054 745 1124 debuit
759 1056 823 1125 illa
837 1057 920 1129 frui.
1161 1045 1223 1119 Me
1239 1049 1369 1119 iussere
1386 1047 1503 1120 Duces
1518 1053 1680 1124 fallacem
1696 1057 1841 1148 pingere
1862 1053 2037 1153 hyaena-

120 1156 797 1244 O··dilectemihiantealios·Henrice‚
823 1156 955 1227 laboris
1212 1146 1258 1220 Et
1276 1152 1425 1222 monstri
1441 1153 1593 1245 speciem
1607 1180 1825 1248 proposuere
1840 1157 1941 1233 mihi.
2006 1238 2012 1251 ⁸
2048 1210 2051 1215 -
2115 1166 2119 1187 '

171 1271 275 1340 Nunc
292 1277 427 1357 partem
444 1258 557 1328 nostri
573 1271 606 1326 te
623 1259 773 1327 tolerare
790 1262 908 1333 velim.
1162 1250 1270 1321 Tetra
1285 1267 1358 1325 erat
1373 1278 1413 1323 ex
1430 1255 1539 1324 variis
1555 1259 1666 1327 moles
1679 1262 1826 1331 confusa
1842 1263 1979 1351 figuris,

34 1367 37 1370 ’
122 1372 227 1444 'l'alia
246 1386 461 1460 praeconum
477 1359 638 1454 quamvis
652 1373 736 1429 suut
750 1360 819 1429 fata
836 1362 992 1452 piorum,
1214 1353 1247 1422 T
1249 1367 1392 1448 eetaque
1408 1356 1533 1426 liventi
1547 1362 1818 1449 sanguinolenta
1835 1378 1927 1440 cute.
2070 1440 2079 1455 .

97 1451 103 1465 ⁸
174 1471 337 1543 Membra
355 1467 471 1535 iacent
486 1460 598 1529 saevis
613 1474 647 1530 et
664 1461 812 1530 lacerata
828 1465 960 1533 modis:
1164 1453 1328 1545 Virginei
1346 1458 1483 1544 vultus,
1507 1461 1570 1529 sed
1588 1475 1688 1533 torva
1707 1465 1872 1537 micantia
1888 1467 2043 1537 flammis

123 1573 356 1665 Nou-periere
370 1581 507 1647 tamen,
533 1564 594 1631 sed
614 1557 748 1632 habeut
762 1565 966 1634 commertia
982 1564 1064 1634 laeti
1214 1556 1369 1628 Lumina
1387 1561 1551 1631 saevitiae
1568 1564 1683 1634 tristia
1700 1565 1800 1656 signa
1817 1569 1963 1640 dabant.
2061 1548 2067 1571 ’

48 1666 53 1675 ’
174 1674 267 1749 Cum
283 1667 448 1749 Christo,
478 1664 568 1732 vivis
584 1665 855 1758 agminibusque
874 1681 1027 1758 patrum.
1166 1657 1199 1729 A
1217 1661 1310 1728 collo
1328 1660 1460 1750 gemini
1477 1664 1678 1752 pendebant
1696 1670 1852 1739 membra
1868 1672 2047 1759 draconis,
2075 1728 2080 1737 .

125 1778 263 1858 liuius,
292 1797 372 1842 curn
388 1767 494 1839 stanti
511 1765 577 1834 tihi
590 1767 689 1835 frons
704 1780 867 1855 tangetur
883 1770 1053 1853 adaram,
1217 1759 1359 1831 Scillaei
1375 1764 1517 1832 tandem
1533 1789 1614 1857 pars
1630 1784 1704 1838 erat
1720 1770 1790 1839 ima
1808 1774 1925 1862 pedes.

176 1878 230 1948 Te
246 1875 320 1945 fieri
339 1871 474 1943 socium
491 1867 633 1937 noveris
650 1869 722 1958 ipse
738 1861 850 1943 chori.
1166 1860 1366 1933 Horrebam
1382 1864 1573 1955 aspiciens,
1597 1881 1631 1939 et
1646 1882 1719 1942 toto
1736 1896 1883 1963 corpore
1897 1872 2058 1964 sanguis,

126 1978 408 2067 Pontificemque
454 1971 543 2040 scias
594 1969 660 2038 tibi
701 1964 885 2041 Christum
933 1969 1118 2062 imponere
1220 1962 1273 2034 Ac
1288 1989 1377 2056 pene
1396 1966 1550 2037 extincto
1564 1972 1736 2060 sanguine
1753 1974 1824 2044 vita
1842 1975 1946 2065 fugit,
2119 1968 2126 1981 '

315 2092 320 2101 “
640 2071 801 2140 dextram
816 2069 868 2167 ⁸),
1170 2064 1218 2138 Ut
1231 2068 1373 2158 pingam
1390 2081 1509 2136 tamen
1525 2069 1579 2138 illi
1594 2089 1740 2160 urgent,
1766 2100 1840 2144 uon
1855 2080 2051 2172 obsequor,
2074 2076 2122 2147 sio

179 2177 345 2253 Poscenti
359 2175 452 2244 vires
469 2185 505 2242 et
518 2172 601 2241 dare
616 2172 708 2241 velle
722 2197 843 2247 novas.
1221 2167 1351 2252 iratus,
1376 2169 1476 2261 pingi
1491 2193 1565 2241 non
1582 2175 1670 2243 bene
1687 2199 1786 2267 posse
1798 2180 1915 2268 pedes.
2095 2254 2098 2259 ,

127 2274 227 2356 Proh
241 2274 519 2373 quantoalalsis
536 2285 669 2367 mystae
686 2275 890 2345 discrimine
903 2278 979 2345 veri
1061 2333 1063 2337 ,
1170 2269 1253 2359 Quo
1270 2271 1375 2340 ruitis
1396 2274 1581 2362 proceres?
1632 2274 1707 2366 Qui
1722 2294 1858 2351 mentes
1873 2295 2024 2372 occupat
2038 2276 2141 2351 errori

179 2382 340 2460 Distant,
366 2372 434 2446 hoc
450 2377 555 2446 etiam
571 2398 637 2443 nos
652 2376 854 2447 meminisse
872 2381 981 2449 decet.
1221 2369 1295 2443 Cur
1309 2373 1442 2463 templo
1458 2373 1595 2445 infertis
1610 2378 1695 2448 talia
1711 2396 1868 2452 monstra
1884 2379 1979 2453 Dei?

128 2486 241 2558 Nemo
260 2496 372 2574 potest
386 2502 544 2571 unquam
562 2477 697 2546 censeri
711 2478 787 2547 iure
804 2481 976 2566 sacerdos,
1169 2470 1340 2544 Excutior
1353 2497 1477 2544 somno
1485 2527 1499 2561 ,
1525 2477 1662 2565 gelidus
1677 2506 1757 2552 cnm
1775 2499 1914 2574 pectore
1929 2499 2060 2556 manat.

179 2585 313 2657 Contra
330 2579 562 2668 Evangelium
579 2578 640 2669 qui
657 2579 729 2647 iera
745 2578 837 2649 bella
853 2580 952 2670 gerit.
1222 2574 1359 2659 Sudor,
1384 2590 1419 2645 et
1434 2600 1453 2645 e
1469 2578 1586 2647 subito
1603 2585 1761 2654 membra
1777 2609 1907 2676 pavore
1923 2599 2077 2678 stupent.

131 2688 276 2780 Quique
291 2686 412 2753 furens
427 2682 532 2748 audet
546 2681 784 2769 novafingere
799 2679 967 2767 Numina,
987 2681 1122 2775 quique
1144 2680 1147 2734 i
1171 2674 1346 2748 Nonnihil
1363 2670 1427 2746 hac
1444 2702 1592 2749 moneor
1614 2683 1772 2754 fortassis
1790 2688 1960 2777 imagine:
1988 2690 2104 2774 redte,
2128 2774 2131 2779 Ι

190 2788 298 2860 Sacra
311 2782 396 2852 iacit
410 2780 509 2852 nulla
524 2780 652 2850 tradita
667 2805 753 2851 voce
769 2779 849 2854 Dei.
1222 2776 1383 2863 Christe,
1418 2802 1523 2869 rogo,
1557 2797 1598 2853 ut
1622 2810 1789 2876 praesens
1804 2783 1845 2886 *)
1871 2804 2017 2883 pectora
2040 2804 2141 2862 nostra

133 2889 240 2959 'l’ales
258 2884 406 2956 sacrifici
421 2882 647 2952 celebrabant
661 2879 774 2973 Orgia
788 2880 940 2970 Baccho,
1906 2882 1909 2887 ’

184 2987 319 3061 Errans
334 3010 414 3056 cum
432 2978 562 3077 thyrsis
581 2985 678 3054 ebria
693 2989 797 3055 turba
816 2987 899 3062 suis.
1145 3004 1149 3072 1

133 3088 181 3162 Et
198 3091 287 3163 Salii
304 3087 431 3165 Martis
445 3086 531 3156 tales
545 3085 664 3175 ignota
681 3089 860 3158 sonabunt

184 3190 350 3263 Carmina
369 3212 449 3257 cum
463 3199 623 3276 gererent
639 3201 735 3257 scuta
751 3202 886 3259 vetusta
901 3212 1021 3257 manu.

186 3393 262 3484 Qui
278 3406 421 3484 propter
435 3403 594 3459 ventrem
613 3392 760 3460 numina
778 3393 864 3462 falsa
879 3394 1013 3465 colunt.

137 3490 214 3567 Hos
228 3498 328 3585 suge,
354 3509 421 3565 eta
439 3491 531 3560 veris
546 3490 682 3562 Christi
697 3493 858 3564 discerne
874 3496 1058 3581 ministris,

188 3595 281 3667 Pure
297 3593 484 3683 Evangelii
502 3592 565 3685 qui
579 3594 635 3685 pia
651 3594 742 3665 iussa
757 3598 895 3672 docent.
1218 3673 1221 3677 ,
1350 3644 1356 3662 .
1377 3599 1424 3665 ln
1438 3593 1626 3690 hyaenam
1639 3598 1963 3677 noentoaensem.

1243 3433 1322 3506 Apud
1341 3432 1466 3489 Vincerat.
1485 3455 1515 3510 p.
1533 3436 1591 3492 168.

1175 3745 1376 3817 Emendare
1390 3742 1552 3838 strophas
1566 3743 1695 3834 huius,
1711 3752 1923 3848 fraudesque
1936 3746 2063 3845 libelli,

190 3797 353 3870 d⁵⁵id¹¹5⁵
368 3796 547 3888 Wiibms
573 3798 670 3888 q⁰⁰d
683 3798 781 3869 iubet
797 3798 888 3890 59⁵*
913 3812 1048 3888 mgem’
1227 3847 1309 3918 Non
1324 3851 1457 3919 multae
1472 3867 1638 3942 possunt,
1664 3854 1860 3938 unalitura
1879 3871 2007 3949 potest.
2117 3872 2121 3881 '

137 3899 187 3973 Ut
202 3900 375 3994 populoru
391 3919 575 3989 perquem
594 3922 676 3967 vero
692 3899 889 3970 celebretur
902 3895 1050 3987 honore,

115 4074 119 4083 ,
191 4005 349 4092 Artgeat,
370 4015 556 4088 etsemper
574 4014 750 4089 protegat,
775 4014 880 4095 atque
897 4017 1003 4092 regat

141 4098 372 4196 Foelicesque
390 4105 495 4171 duces
513 4102 636 4182 addat,
664 4105 854 4195 doctosque
872 4105 1065 4186 ministros,
1952 4188 1958 4193 ,

191 4206 305 4294 Larga
322 4201 507 4290 Evangelii
524 4204 647 4272 messis
662 4218 700 4274 ut
717 4228 789 4274 esse
805 4221 921 4298 queat.
1179 4206 1246 4281 No.
1269 4208 1353 4279 189.
1735 4254 1740 4263 ·
2017 4218 2139 4294 4,,1111.

140 4305 271 4380 Arceat
282 4319 318 4375 et
333 4300 468 4375 Christi
484 4317 699 4390 grassantem
716 4308 835 4376 dextra
852 4305 1065 4392 Draconem,
1185 4305 1356 4332 Μ
2028 4311 2137 4348 ”⁴⁸

191 4409 245 4478 Ne
262 4410 357 4478 serus
371 4402 567 4474 humanum
584 4405 730 4478 devoret
744 4433 850 4477 omne
863 4431 986 4497 genus.
1249 4419 1330 4503 Apud
1343 4419 1473 4501 Vineam.
1485 4440 1511 4492 p.
1526 4416 1605 4504 ttqq.
1624 4431 1654 4475 et
1671 4421 1699 4506 in
1713 4421 1828 4506 sainna
1848 4426 1927 4499 punt
1937 4428 2033 4489 ’1.111.
2048 4426 2136 4506 pm

140 4510 267 4582 Servet
281 4532 370 4601 opus
384 4506 489 4579 Pater
503 4519 663 4577 aeternus
682 4513 776 4602 qnod
793 4511 973 4598 condidit,
993 4526 1098 4607 atque
1287 4488 1445 4545 v¹¹¹“¹¹¹¹¹¹⁸
1464 4507 1581 4560 ’ΜΨ
1594 4491 1753 4565 adscensu:
1780 4496 1987 4583 ”mm
1995 4520 2045 4561 ⁶⁰·
2056 4494 2128 4557 W

191 4611 363 4684 Notitiam
377 4608 535 4700 extingui
549 4604 623 4679 ndu
639 4611 734 4683 sinat
749 4612 822 4703 ipse
837 4615 902 4684 sui.

1174 4060 2144 4096 *mm-*W

1207 4692 1210 4699 -
1242 4654 1290 4720 ln
1310 4650 1603 4723 Wintom‘ensem
1622 4647 1866 4747 descensorem
1890 4659 2094 4736 coertione

1182 4795 1257 4886 Qui
1272 4797 1465 4868 castitatem
1482 4800 1626 4889 magnis
1634 4801 1801 4873 laudibus
1817 4798 1931 4889 vehis,

1182 4897 1386 4993 Contraque
1402 4914 1561 4970 sanctum
1576 4902 1734 4994 disputas
1751 4906 1990 4997 connubium,

1183 4999 1243 5070 Tu
1260 5002 1421 5096 quisquis
1436 5001 1497 5070 ille
1510 5004 1687 5074 coelibum
1701 5007 1962 5095 admiratores,

1184 5096 1321 5172 Omitte
1338 5103 1409 5173 iam
1425 5117 1485 5174 tua
1500 5106 1649 5196 cogitata
1664 5108 1792 5179 callida

175 4887 205 4953 4)
226 4886 308 4943 Virro.
321 4897 431 4957 stom,
452 4909 482 4943 er
497 4888 608 4943 mendo.

139 5051 154 5081 Ι,
174 4991 202 5047 5)
226 4987 307 5044 Viuo.
320 4993 444 5051 dextra,
462 5009 491 5043 er
503 4988 613 5044 mendo.

1098 5405 1101 5410 ,
1218 5347 1248 5417 *p
1264 5357 1420 5420 praesens]
1442 5349 1508 5411 Pes.
1519 5360 1547 5409 et
1558 5352 1665 5426 Scripta
1679 5351 1818 5422 placidas.
