4546 5760
62 179 118 256 so
253 173 705 263 rossemannas,
735 167 1110 253 luotctouou
1135 163 1211 240 ur
1237 166 1646 259 scelerosum
1696 175 1928 263 cmxiv„
2064 181 2119 265 ρο

61 375 105 421 ac
127 374 148 423 a
171 351 335 427 fanaticis
348 349 584 448 opinionibus
594 349 772 423 damnatis
788 348 923 423 iudicio
938 340 1063 419 catho·
1115 354 1152 411 ot
1177 337 1280 414 hauc¹
1297 365 1433 411 moram
1444 343 1541 425 ferse
1559 361 1720 440 nequeat.
1772 348 1906 435 Poscor
1920 354 2016 429 enim
2032 382 2114 449 pre-

61 453 155 538 licae
169 448 498 527 EcclesiaeChristi
513 449 727 525 ahhorrere-
768 451 938 523 Promisit
954 448 1061 519 etism
1114 445 1204 514 tium
1229 438 1450 515 inhabitatae
1474 446 1797 534 domunculaeJ'et
1819 453 2027 548 quotidiana
2045 484 2111 531 ne·-

64 550 126 625 hic
140 552 313 648 Magister
334 557 498 629 Andreas
521 556 560 625 in
582 556 745 624 doctrina
769 553 1004 624 constantiam
1026 562 1061 619 et
1113 546 1255 616 cessitas
1273 547 1397 635 exigit,
1424 560 1465 615 ut
1478 548 1620 642 aliquid
1633 555 1862 646 conquiram,
1888 583 1959 651 quo
1982 561 2110 637 miser·

61 657 101 725 in
127 660 248 731 officio
271 661 377 731 fidem
395 673 436 730 -et
459 657 692 747 diligentiam.
759 655 879 745 Quare
903 655 937 724 ei
962 652 1060 723 iuxta
1113 647 1223 716 rimos
1244 670 1343 726 meos
1365 647 1499 719 liberos
1525 675 1564 721 ac
1591 656 1776 743 coniugem
1798 658 1917 743 alam,
1955 687 2108 755 quorum

61 762 295 849 apostolicam
314 758 509 832 Ecclesiam
539 758 684 851 publica
712 757 939 831 ordinatione
961 777 1061 824 com·
1113 748 1298 840 quaerelae
1338 764 1372 819 et
1407 751 1642 840 flagitationes
1675 782 1795 835 rernm
1830 766 2106 843 necessariorum

61 867 271 935 mendam
290 867 355 935 ‚est
375 863 612 933 ministerium
631 862 791 931 docendi
814 855 1003 948 Evangelii
1025 865 1061 924 et
1111 863 1249 920 tantum
1265 863 1348 921 sunt
1364 854 1796 933 audituacerbissimaeet
1808 884 1910 953 saepe
1931 865 2106 960 lacrymas

62 979 283 1036 sacramenta
324 991 344 1035 a
378 960 522 1035 Christo
563 963 742 1046 instituta,
784 955 1060 1033 administrandi
1111 953 1307 1023 excutiunt.
1358 951 1461 1025 Certe
1480 980 1577 1029 nunc
1595 983 1812 1054 quoqueme
1832 981 1980 1056 cogunt,
2007 983 2104 1043 tuam

61 1065 162 1138 ium,
185 1068 420 1140 vocationem,
471 1063 633 1158 cumque
655 1065 824 1154 scriptum
851 1063 896 1133 sit
920 1064 964 1130 de
984 1058 1059 1126 filio
1110 1053 1360 1146 praestantiam
1374 1058 1568 1127 convenire
1584 1075 1619 1130 et
1636 1084 1776 1153 rogare,
1798 1077 1837 1136 ut
1855 1069 1975 1146 deco,
2005 1076 2102 1164 quod

61 1163 147 1238 Dei:
170 1163 389 1251 adscendit,
407 1161 509 1238 dedit
525 1164 624 1237 bona
640 1157 873 1244 hominibus,
904 1155 1059 1255 propbe—
1110 1160 1284 1247 superest,
1324 1157 1411 1229 velit
1435 1160 1636 1252 paupillum
1661 1167 1823 1237 conferre
1844 1169 1891 1241 ad
1912 1170 2101 1249 levandam

64 1282 138 1352 tas,
162 1272 362 1362 apostolos,
388 1284 544 1363 pastores
558 1283 592 1338 et
607 1270 779 1351 doctores,
802 1286 985 1357 precamus
1000 1285 1058 1331 ar·
1110 1281 1224 1327 meam
1239 1259 1409 1349 inopiam,
1426 1274 1459 1330 ei
1474 1262 1620 1333 alendos
1635 1270 1731 1335 meos
1744 1272 1922 1358 parvulos,
1940 1279 2103 1366 qnando·

63 1371 233 1442 dentilms
267 1374 377 1458 votis,
411 1386 451 1441 ut
487 1395 569 1440 suae
591 1367 768 1440 Ecclesiae
803 1369 1057 1456 gubernatores
1111 1361 1255 1452 quidem
1274 1361 1348 1450 ipse
1365 1386 1428 1452 per
1444 1363 1541 1432 visus
1558 1380 1591 1435 et
1606 1369 1716 1436 animi
1742 1371 2018 1443 imbecillitatem
2043 1403 2101 1447 ac-

64 1473 125 1540 det
145 1476 292 1544 idoneos
307 1489 342 1545 et
359 1474 545 1557 salutares,
569 1496 608 1542 ac
624 1470 769 1550 efficiat,
799 1483 840 1539 ut
855 1464 962 1539 huius
979 1463 1057 1535 An·
1110 1462 1251 1553 quirere
1273 1457 1365 1529 nihil
1388 1487 1553 1557 possum,
1579 1468 1647 1536 nisi
1671 1473 1766 1562 qtiod
1791 1474 1930 1563 piorum
1947 1477 2100 1549 eleemo-

62 1573 170 1646 dreae
193 1577 429 1647 ministerium
455 1575 500 1646 sit
521 1575 640 1642 efficax
661 1585 695 1640 et
710 1571 873 1644 salutare.
922 1567 1056 1638 Horta·
1109 1563 1207 1654 synis
1232 1564 1378 1652 accipio.
1443 1563 1517 1635 Nec
1539 1579 1658 1638 tamen
1679 1596 1824 1662 prorsus
1851 1577 1984 1646 otiosus
2004 1581 2100 1668 vivo,

61 1698 145 1759 mur
161 1678 266 1747 eliam
281 1676 556 1747 illustrissimum
574 1675 771 1767 principem
788 1667 992 1765 Magnam,
1016 1681 1058 1738 ut
1109 1665 1168 1731 secl
1191 1664 1308 1733 servio
1323 1659 1501 1736 Ecclesiae
1523 1683 1686 1756 nostrae,
1712 1688 1817 1766 atque
1834 1678 1922 1746 adeo
1936 1679 2100 1768 pluribus

61 1771 251 1869 Evangelii
271 1779 453 1851 ministros
475 1779 627 1867 benigne
652 1787 845 1845 tricaturae
862 1775 995 1851 foveat,
1022 1781 1056 1839 ct
1108 1766 1304 1833 erudiendo
1328 1789 1404 1851 00⁸,
1431 1769 1493 1860 qni
1515 1771 1694 1859 poblitoin
1719 1777 1979 1848 ordinationem
1995 1805 2014 1850 a
2032 1808 2100 1855 no·

59 1872 239 1950 Ecclesias
263 1880 330 1952 Dei
359 1904 487 1948 ornare
516 1881 672 1962 studeat,
705 1901 785 1947 caim
814 1877 902 1945 sciat
920 1873 1056 1967 praeci·
1107 1880 1176 1936 stra
1201 1863 1358 1935 Ecclesia
1387 1883 1532 1959 petunt,
1567 1872 1630 1965 qui
1662 1899 1741 1944 cum
1773 1901 1874 1968 saepe
1904 1882 2098 1958 admodum

58 2005 176 2071 puum
198 1982 286 2052 honi
311 1982 483 2074 principis
510 1981 665 2050 officinm
689 2000 781 2062 esse,
814 1975 963 2067 gloriam
986 1969 1055 2041 Dei
1106 1969 1214 2036 rudes
1235 1969 1444 2056 adveniant,
1470 1997 1508 2040 ea
1531 1972 1600 2043 fide
1622 1988 1657 2045 et
1678 1978 1861 2069 diligentia
1885 1985 2097 2058 ameinsti-

58 2082 252 2167 illustrare,
276 2108 316 2152 ac
332 2081 447 2154 Deum
466 2084 612 2151 reddere
626 2105 689 2171 pro
707 2076 772 2148 hac
789 2080 915 2168 pietate
930 2078 1054 2165 ingen·
1106 2082 1276 2155 luuntur,
1315 2083 1354 2139 nl
1386 2075 1641 2145 examinatores
1674 2073 1767 2149 lione
1796 2107 1909 2152 meam
1943 2088 2097 2174 opellam

57 2184 111 2252 tia
127 2185 294 2274 praemia,
322 2186 410 2254 sicut
426 2184 511 2253 dicit
526 2184 614 2273 ipse:
639 2172 1055 2275 glorficantesmcglo-
1107 2171 1176 2238 iam
1200 2171 1264 2242 diu
1285 2173 1528 2261 probaverint.
1579 2175 1682 2267 Rogo
1707 2181 1815 2271 igitur
1832 2187 2096 2274 perdominum

57 2278 229 2379 sificabo·
280 2283 391 2357 Dm,
405 2284 642 2374 witebergae
658 2285 716 2353 die
731 2283 794 2356 21,
810 2281 952 2373 septbr,
1106 2284 1266 2340 nostrum
1286 2272 1402 2342 lesum
1421 2271 1624 2363 Christum,
1651 2295 1684 2350 et
1701 2306 1764 2373 per
1779 2307 1917 2354 sacrum
1934 2288 2096 2360 ministe-

1106 2372 1200 2469 rium
1232 2374 1289 2443 cui
1320 2376 1453 2461 servio,
1500 2381 1667 2473 quodque
1697 2397 1733 2452 te
1765 2387 1998 2474 magnifacere
2020 2415 2095 2464 non

1099 2472 1252 2560 dubito,
1277 2488 1318 2545 ut
1333 2471 1423 2545 mihi
1437 2478 1475 2547 in
1490 2475 1557 2549 hac
1573 2503 1649 2551 mea
1667 2486 1873 2557 necessitate
1894 2488 2094 2576 subvenias,

1105 2586 1140 2644 et
1163 2568 1200 2644 iri
1223 2596 1280 2644 me
1297 2572 1480 2649 Christum
1501 2581 1733 2670 esurientem,
1765 2582 1941 2660 sitientem
1961 2615 2002 2660 ac
2024 2619 2094 2666 nu·

52 2696 126 2769 No.
144 2693 256 2766 7041.
901 2732 951 2749 ...
979 2722 1026 2743 -
1105 2679 1191 2747 dum
1215 2678 1368 2764 reficias,
1400 2705 1440 2750 ac
1463 2683 1600 2756 vestias.
1656 2683 1764 2774 Quod
1792 2691 2001 2761 beneficium
2024 2697 2095 2768 sibi

61 2791 242 2821 ω
456 2780 458 2785 ’
888 2786 1041 2811 “’““’
1103 2790 1186 2848 ate
1213 2779 1380 2850 collatum
1408 2806 1501 2868 csse,
1534 2785 1609 2876 ipse
1633 2788 1749 2877 palam
1777 2792 2003 2864 confitebitur
2035 2799 2094 2869 die

221 2901 465 2985 Testimon·
491 2894 694 3009 pauperi
721 2893 894 2980 ,gammo
1103 2880 1355 2998 summi-illius
1376 2883 1499 2954 iudicii
1523 2910 1641 3005 coram
1662 2890 1819 2961 universi
1841 2895 1950 2964 totius
1966 2903 2093 2971 mundi

147 3064 224 3133 aa
239 3055 592 3136 „0„.1„ma..a
611 3055 674 3110 v01.
690 3053 725 3110 11-
744 3073 771 3125 ρ.
785 3056 847 3111 ⁹⁵1·
1103 2982 1790 3184 l,513¹?‘'hillthbtlt'hiil
1806 3012 1959 3168 {illis
1976 3003 2095 3173 ⁵232}

238 3188 242 3217 ι
330 3210 453 3289 ΡΜ
480 3208 672 3287 Melam
683 3205 803 3286 hon),
1096 3181 1257 3282 fecistis,
1291 3182 1337 3255 Et
1353 3210 1415 3277 ego
1432 3189 1553 3257 astabo
1570 3191 1678 3275 testis,
1706 3154 2091 3286 etpraedlcatoiistius

300 3275 322 3307 ’³
1102 3299 1183 3354 tuae
1198 3285 1437 3374 benignitatis,
1464 3303 1539 3359 tum
1557 3305 1590 3360 et
1607 3316 1715 3378 nurtc,
1741 3294 1827 3366 dum
1847 3301 1975 3388 vivam,
2002 3329 2090 3376 eun-

1102 3388 1183 3456 dem
1198 3380 1380 3456 Christum
1403 3392 1554 3479 rogabo,
1579 3405 1620 3461 ut
1639 3395 1743 3463 etiam
1766 3398 1804 3465 in
1826 3396 1891 3470 hac
1905 3404 1976 3474 vita
1991 3419 2089 3477 tuam

1101 3488 1348 3559 liberalitatem
1372 3505 1573 3580 compenset
1594 3497 1778 3582 praemiis,
1804 3526 1894 3594 quae
1910 3508 2091 3595 promisit,

55 3583 261 3675 Verissime
283 3589 373 3661 dixit
396 3588 478 3673 ille,
507 3598 749 3678 paupertatem
772 3607 845 3655 esse
874 3598 982 3670 onus,
1016 3599 1050 3655 et
1101 3613 1181 3659 cum
1207 3589 1312 3658 dixit:
1340 3591 1509 3688 quisquis
1533 3587 1590 3661 od
1608 3590 1805 3668 bibendum
1829 3597 1969 3675 dedenl
1989 3607 2089 3679 vobis

55 3706 226 3774 miserum
251 3708 285 3766 et
307 3714 421 3782 grave.
470 3686 560 3759 Nam
584 3699 626 3757 ut
641 3689 803 3758 *omittam
818 3686 956 3780 reliqua
974 3687 1049 3757 eius
1103 3687 1251 3760 calicem
1272 3713 1409 3789 oquae,
1436 3695 1582 3763 nominc
1597 3719 1691 3778 meo,
1718 3694 1821 3795 quod
1834 3696 1982 3777 Christi
1994 3708 2089 3796 silis,

57 3789 394 3888 incommomtoe
409 3814 523 3863 unum
538 3783 683 3859 homini
700 3789 867 3882 prudenti
882 3789 938 3858 rel
952 3814 1048 3859 acer·
1100 3815 1208 3861 omen
1224 3786 1304 3861 dico
1319 3792 1430 3875 vobis,
1457 3820 1689 3894 necsoaquom
1703 3798 1916 3895 perditurus
1932 3819 1983 3879 est
1995 3834 2089 3880 mer-

56 3905 243 3977 bissimum
268 3911 339 3981 est,
365 3894 462 3988 quod
488 3915 593 3983 egens
613 3893 751 3982 cogitur
766 3890 871 3960 bonis
885 3890 971 3960 viris
985 3914 1046 3960 sua
1101 3887 1216 3964 cedem
1233 3918 1354 3964 soom.
1407 3896 1505 3968 Bene
1523 3901 1636 3970 valeat
1653 3915 1712 3971 tua
1729 3911 1956 3994 praestantia.

57 4003 277 4099 flagitatione
299 3997 467 4068 molestus
489 4016 578 4077 esse,
619 4016 709 4086 quae
730 3992 760 4061 si
780 3992 893 4063 multa
915 3995 979 4074 sit,
1013 4007 1046 4062 et

17 4136 22 4143 ·
59 4112 201 4189 mebra,
240 4102 346 4174 etiam
374 4097 506 4191 petenti
536 4095 660 4166 odium
694 4094 871 4168 cormiliat.
936 4093 1044 4166 Pauci
1096 4100 2086 4147 -····.··-···············-·-···------·-—-

53 3351 128 3434 (sie
141 3354 176 3415 iu
190 3349 280 3426 cod,
305 3359 335 3409 et
348 3344 461 3406 iudicat
474 3339 704 3405 Melanthouem
719 3340 773 3401 lias
786 3343 937 3422 supplices
950 3345 1051 3404 literas

175 3455 327 3535 scripsisse
342 3450 469 3530 pauperi
483 3445 626 3525 theologo
641 3446 757 3525 petenti
770 3443 937 3523 beneficis.)

58 4210 153 4281 enim
169 4218 276 4288 sunt,
302 4200 365 4296 qui
382 4196 488 4270 hilari
507 4197 627 4268 animo
642 4195 861 4287 largiantur,
885 4197 1047 4315 quamuis
1098 4233 1165 4309 No·
1182 4233 1296 4310 7042.
1943 4263 1972 4323 ¹·
1992 4253 2051 4320 lul.

59 4337 115 4383 eos
134 4307 272 4380 Paulus
289 4304 365 4375 Deo
391 4325 491 4372 caros
511 4321 585 4369 esse
610 4313 775 4382 testatur,
806 4321 886 4367 mm
910 4314 1045 4392 inquit:
1104 4330 1278 4360 ww
1910 4342 2081 4375 son-

57 4407 220 4484 litarem
237 4400 401 4476 dolorem
417 4397 545 4495 diligit
560 4394 744 4474 dominus.
769 4397 945 4493 Equidem
962 4401 1045 4469 dedi
1275 4400 1472 4505 Semini
1497 4421 1548 4504 in
1574 4448 1678 4536 opp·
1704 4393 1922 4517 lethech,
2055 4408 2069 4465 ·'.

57 4501 295 4609 operam'iam
318 4508 398 4592 diu,
422 4528 468 4573 ne
484 4502 607 4584 moltis
624 4502 724 4572 oneri
739 4525 868 4586 essem,
895 4525 974 4571 cum
991 4501 1047 4570 vi·
1440 4581 1447 4594 Ι
1920 4586 1928 4602 ·
1952 4587 1954 4591 y

57 4620 198 4696 decem,
228 4608 365 4704 alioqui
387 4605 520 4679 multos
540 4605 584 4673 ad
603 4599 696 4674 hanc
714 4604 841 4674 urbem
858 4604 1047 4686 confluere,
1170 4577 1849 4707 ini:'iiiililiinieiiiioiibiuiiiilsfuiepi,
1867 4587 2025 4673 §matum
2053 4616 2085 4650 θ·

56 4720 115 4815 qui
133 4716 395 4808 eleemosynam
409 4702 469 4780 hic
485 4719 670 4800 quaerunt.
721 4704 856 4778 Verum
872 4703 942 4775 hoc
957 4720 1046 4778 tem·
1200 4716 1328 4789 scripum
1341 4736 1409 4771 me.
1490 4670 1507 4722 ¹¹
1817 4675 1830 4707 ²
1852 4673 1899 4709 ¹¹¹⁰
1925 4670 1997 4753 '¹¹⁸0¹
2050 4666 2084 4747 el.

56 4844 143 4914 pore
177 4815 272 4904 cogit
298 4838 353 4882 me
386 4809 575 4899 singularis
595 4808 782 4878 necessitas
802 4809 845 4925 ad
868 4808 1046 4877 bonorum

56 4919 308 4993 liberalitatem
338 4914 545 5001 confugere,
586 4930 667 4978 com
690 4932 858 5000 petuma,
897 4934 986 5003 quae
1006 4934 1047 4978 ex

1099 4875 1174 4950 oen
1194 4873 1381 4965 dictores,
1405 4871 1602 4965 &irritamen
1617 4879 1681 4950 aab
1698 4879 1804 4966 maten
1819 4844 1947 4975 pots,
1974 4885 2087 4963 issu

57 5017 300 5095 munificentia
317 5015 485 5106 principis
504 5008 674 5081 hactenus
690 5025 872 5080 numerata
892 5027 953 5096 est,
979 5011 1047 5079 mi·
1100 4974 1359 5072 deimiiliiiii
1396 4980 1477 5098 ΜΡ
1521 4977 1638 5093 iiiiii)
1673 4999 1716 5070 dii
1750 4980 1932 5076 iiiiii&
1965 4991 2086 5066 masaa

58 5121 94 5195 hi
117 5148 217 5197 nunc
239 5125 450 5209 denegetur,
486 5128 525 5185 ut
554 5112 728 5198 nesciam,
769 5127 977 5202 ereptumue
1001 5113 1047 5181 sit
1273 5139 1275 5142 >
1430 5075 1734 5174 pamachius.

57 5224 146 5296 mihi
162 5223 314 5294 omnino
329 5216 565 5310 stipendium,
589 5240 638 5285 an
653 5238 737 5286 vero
759 5215 946 5288 differatur
967 5229 1047 5287 tan-
1099 5189 1245 5289 &olleo
1267 5208 1365 5283 &aab
1385 5207 1475 5296 busti)
1496 5207 1595 5295 [einen
1617 5208 1835 5300 &ingeborgae
1857 5213 1960 5308 &aba
1973 5216 2089 5311 {letum

56 5342 132 5400 tum
160 5327 237 5395 eius
261 5322 403 5394 solutio.
455 5317 572 5389 Tanta
597 5331 650 5389 est
669 5329 788 5390 autem
814 5342 889 5390 mea
915 5317 1047 5409 iuopia,
1100 5307 1258 5401 Ebtillum
1276 5311 1389 5400 onitin
1406 5309 1665 5404 bilissimas.
1699 5312 1860 5404 Μαῖα,
1875 5319 1988 5408 ,meiia,
2011 5324 2091 5415 gata,

114 5436 295 5500 alaram.
316 5428 421 5493 Ocra.
449 5425 534 5492 Vos..
548 5420 592 5490 X.
1433 5413 1456 5480 4
