1467 1596
237 113 288 132 10⁰⁹

237 156 330 174 literarum
342 156 401 174 studia
414 156 511 174 necessaria
523 162 566 175 esse.
591 156 618 174 Ae
629 160 650 174 ot
660 156 736 174 maxime

237 182 283 200 aliae
298 185 358 204 gentes
372 181 446 204 impiae,
463 188 508 206 quae
523 182 589 205 scripta
601 180 707 205 Prophetica
719 185 736 200 et

236 207 339 231 Apostolica
354 213 391 224 non
405 207 545 230 amplectuntur,
561 213 620 225 carere
632 207 688 225 literis
699 207 736 225 vel-

238 233 284 254 lent,
297 236 356 250 tamen
364 231 443 250 Ecclesia
450 232 483 250 Dei
491 233 579 255 negligere
587 239 615 250 eas
625 239 662 250 non
673 236 735 256 potest,

237 258 279 281 quia
290 258 322 276 scit
330 258 388 276 Deum
398 256 452 275 huius
464 258 506 276 libri
517 258 611 276 lectionem
620 261 638 276 et
648 258 735 281 interpre-

237 284 323 302 tationem
341 283 393 301 nobis
409 284 524 301 severissimis
541 284 628 301 mandatis
644 290 734 301 commen-

237 310 293 327 dasse.
320 308 380 331 Quare
388 312 405 326 et
413 309 446 326 fuit
455 315 524 332 semper
532 309 573 327 inde
583 315 638 333 nsque
646 309 668 326 ab
675 309 734 330 initio,

233 338 255 352 ,et
265 338 290 352 est
304 338 320 352 et
338 334 372 351 erit
387 334 456 352 erudita
467 333 545 352 Ecclesia
557 334 600 356 Dei,
616 340 678 352 omnes
688 338 734 352 artes

237 366 282 383 quae
304 360 360 377 literis
381 360 495 377 continentur
515 360 542 377 illi
563 363 671 383 praestantes
690 360 733 381 viri,

237 385 305 406 Adam,
315 384 374 406 Nohe,
386 384 437 406 Sem,
449 384 550 406 Abraham,
564 385 616 407 Isaac,
630 385 691 407 lneob,
705 385 734 406 ,Ιο-

237 410 291 434 seph,
307 414 324 428 et
334 409 433 433 Prophetae
444 411 527 433 deinceps
538 411 684 429 circuntulerunt.
710 410 733 428 Et

237 440 296 459 postea
310 435 393 453 Ecclesiis
406 436 556 460 frequentioribus
572 436 651 454 eruditae
664 435 733 454 scholae

237 468 306 484 semper
313 462 406 479 adiunctae
414 461 491 479 suerunt.
517 461 565 480 Haec
576 462 629 480 initio
640 462 732 484 cogitanda

236 491 279 504 sunt
288 490 348 504 nostro
356 486 442 509 collegio,
451 491 471 505 ut
479 488 535 505 sciant
542 493 604 505 omnes
612 491 629 505 et
637 487 732 505 necessaria

237 518 274 530 esse
281 512 327 530 vitae
335 515 351 529 et
359 511 449 529 Ecclesiae
457 512 496 532 Dei,
509 512 552 529 haec
560 517 661 530 nostrarum
668 513 732 529 artium

237 538 304 558 studia,
316 541 333 555 et
344 536 391 554 bunc
403 537 481 554 laborem
491 540 559 559 partem
568 542 605 554 esse
616 536 691 553 militiae
698 535 733 553 Ec-

237 563 299 581 clesiae
310 562 353 583 Dei,
367 566 386 579 et
397 561 435 580 Deo
447 562 521 585 placere.
548 561 609 584 Quare
620 565 638 579 et
649 562 671 579 ad
685 560 733 579 hunc

237 589 296 609 finem,
310 592 329 605 ut
335 587 424 605 Ecclesiae
431 587 465 605 Dei
473 588 575 607 serviamus,
589 587 692 604 referendus
699 586 733 604 erit

237 613 266 631 hir
276 617 335 631 noster
344 613 403 634 lahnr,
415 617 433 631 et
440 616 519 636 petamus
529 619 549 630 at
557 616 668 635 expectemus
678 618 687 630 a
695 611 732 630 Deo

237 639 384 662 gubernationem
395 641 412 656 et
418 638 550 659 defensionem,
562 641 579 655 et
587 640 688 661 quanquam
695 643 732 655 mo-

236 665 284 682 xima
295 664 391 681 multitudo
405 661 498 680 hominum
511 662 543 680 has
553 666 623 680 nostras
632 669 703 686 operas,
715 666 733 680 et

236 690 291 707 vitam
303 688 425 706 scholasticam
439 688 506 705 iudicat
519 688 604 711 igna‘vum
617 689 676 706 ocium
691 694 733 709 esse,

236 721 256 732 ac
269 720 290 731 ne
302 714 351 731 ducit
364 713 436 737 quidem
448 712 572 732 scholasticum
587 720 653 731 munus
664 717 732 737 partem

236 746 274 757 esse
285 739 353 762 politici
364 742 428 760 status,
442 742 501 757 tamen
513 745 546 757 nos
557 739 633 757 sciamus
643 738 675 757 has
686 739 732 762 ipsas

236 765 297 783 literas
309 768 361 788 atque
374 768 429 786 artes,
448 770 485 782 non
498 765 556 783 solum
568 768 680 786 ornamenta,
701 765 731 782 sed

237 791 290 809 etiam
300 796 363 808 nervos
375 795 411 807 esse
423 790 504 808 salutaris
516 790 659 813 gubernationis,
676 794 693 808 et
704 790 732 808 in-

236 815 342 839 gratitudini
349 814 444 833 hominum
451 822 562 839 opponamus
569 815 615 833 lianc
622 822 681 833 veram
688 822 732 833 con-

236 842 341 859 solationem
350 841 433 859 traditam
442 841 535 859 divinitus:
549 841 590 859 Non
599 841 633 859 erit
644 841 695 859 labor
702 847 732 859 ve-

237 871 272 885 ster
284 867 343 884 inanis
357 866 376 884 in
389 866 473 884 Domino.
504 866 537 884 His
552 867 661 889 gravissimis
675 866 732 884 causis

236 898 347 913 moveamur,
364 895 385 909 ut
394 891 447 911 fidem
459 895 476 909 et
487 892 598 914 diligentiam
610 892 629 909 in
638 892 732 912 discendis,

236 917 365 942 propagandis,
377 920 394 934 et
404 917 515 935 illustrandis
524 918 615 936 literarum
626 923 732 935 monumen-

236 944 260 961 tis
272 947 288 961 et
302 943 370 960 artibus
386 946 502 965 praestemus3
519 943 583 965 gratias
598 943 651 961 etiam
660 949 732 966 agamus

236 968 284 990 Deo,
297 969 344 992 quod
353 968 431 991 aliquam
440 968 497 986 lucem
509 972 526 986 et
535 967 628 991 Evangelii
640 972 657 986 et
665 968 732 986 doctri-

236 1000 270 1012 nae
276 994 351 1012 aliarum
364 992 478 1011 honestarum
485 994 550 1011 artium
557 994 642 1012 accendit.
669 993 732 1016 Quan-

237 1023 275 1038 tum
287 1020 354 1037 bonum
366 1022 391 1037 est
402 1022 456 1040 recte,
472 1022 489 1037 et
500 1019 584 1042 explicate
596 1023 655 1037 tenere
666 1019 732 1037 doctri-

236 1051 278 1063 nam
286 1044 374 1062 Ecclesiae
383 1044 479 1067 propriam,
491 1050 536 1068 quae
544 1048 631 1063 monstrat
637 1048 695 1063 utram
704 1044 732 1062 in-

236 1070 357 1091 vocationem,
369 1074 386 1087 et
394 1070 453 1087 firmas
461 1070 591 1088 consolationes
598 1071 620 1088 de
629 1070 732 1088 reconcilia-

236 1096 294 1117 tione,
306 1099 323 1113 et
334 1095 480 1118 gubernationem
492 1095 538 1113 vitae
547 1096 567 1113 in
577 1096 631 1113 rebus
641 1095 733 1113 maximis?

236 1121 306 1140 Deinde
313 1127 367 1144 quam
379 1124 448 1143 gratnm
459 1124 485 1139 est
492 1120 562 1139 homini
570 1127 613 1139 sano
621 1121 733 1139 mediocriter

237 1147 314 1170 aspicere
328 1147 488 1168 rerum'naturam,
500 1146 547 1164 etin
559 1150 654 1170 conspectu
667 1146 733 1165 habere

236 1172 337 1191 nniversam
345 1172 475 1196 antiquitatem,
483 1176 500 1189 et
507 1171 591 1190 historias
597 1172 677 1190 omnium
685 1176 733 1190 aeta-

236 1202 285 1219 tum,
298 1201 316 1215 et
324 1197 343 1215 in
351 1197 387 1215 illis
399 1197 464 1215 multas
472 1203 543 1220 magnas
552 1204 611 1216 rerum
619 1198 733 1219 mutationes,

237 1227 255 1242 et
266 1223 385 1241 mutationum
397 1223 468 1240 illarum
482 1229 542 1241 causas
552 1227 573 1241 et‘
580 1223 690 1241 voluntatem
698 1222 732 1240 Dei

237 1249 358 1270 considerare,
372 1252 388 1266 et
399 1249 441 1266 inde
447 1254 516 1266 sumere
523 1249 702 1267 commonesactiones
709 1249 731 1266 ad

236 1275 332 1297 regendam
352 1274 407 1291 vitam
426 1274 484 1292 utiles.
513 1273 564 1292 Talis
583 1274 614 1292 lux
632 1276 695 1292 veroin
716 1277 732 1292 et

236 1306 320 1323 magnum
335 1300 403 1317 bonum
418 1303 452 1321 est,
469 1300 517 1323 quod
532 1303 553 1318 ut
564 1299 603 1318 Deo
618 1300 677 1318 autori
693 1306 733 1323 gra-

236 1326 331 1344 titudinem
351 1328 430 1342 nostram
446 1325 569 1347 ostendamus,
591 1325 657 1343 maiore
674 1325 733 1343 studio

236 1355 323 1369 tueamur.

262 1430 352 1446 hiras-n«.
363 1429 414 1445 Ona>
428 1428 470 1444 Vm..
478 1428 501 1444 X.

466 112 622 136 ALLOQUIA
647 112 684 132 m*
709 112 827 132 BREVEs
852 112 1028 133 commones.

1211 115 1261 134 1⁰1⁰

960 157 1058 174 Secunde.

812 193 833 211 ln
846 193 880 212 hac
888 193 1026 216 Witebergensi
1035 194 1129 213 Academia
1141 197 1258 216 constitutum

761 223 786 237 est
798 220 821 237 ab
834 219 954 237 illustrissimo
965 219 1048 243 Principe
1060 226 1069 238 a
1081 220 1160 239 Domino
1172 221 1259 241 Iohanne

761 243 858 262 Fridericv
873 244 921 262 Duce
935 245 1021 263 Saxoniae
1035 245 1127 268 Electore,
1144 247 1258 270 Landgravio

761 269 882 293 Thuringhe,
899 269 1005 288 Mai-chione
1018 270 1097 295 Mysiae,
1117 276 1134 290 et
1146 272 1257 295 Burggravio

761 295 915 318 Meideburgensi,
928 299 948 313 ut
960 295 1044 314 Lectores
1056 297 1156 319 linguarum
1168 301 1185 316 et
1194 297 1257 317 Philo-

760 320 833 344 sophiae
840 321 876 339 sint
885 322 951 339 decem.

811 350 852 368 Duo
864 351 974 374 lnspectores
980 350 1064 374 Collegii,
1078 352 1144 375 quibus
1155 359 1197 371 cura
1209 354 1257 372 lota.

760 376 814 394 tionis
824 377 907 394 mandata
920 380 956 397 est,
973 383 1049 400 quorum
1064 377 1109 395 alter
1120 377 1228 397 Dialecticen
1239 384 1257 399 et

759 401 868 420 Rhetoricen
884 402 952 423 tradat,
970 402 1015 420 alter
1027 401 1115 426 Physicen
1129 407 1146 422 et
1159 406 1256 423 secundum

759 427 822 445 Plinii.
1124 431 1127 433 ’

810 457 852 475 Duo
868 456 996 478 Mathematici,
1009 464 1086 481 quorum
1099 458 1144 476 alter
1156 459 1257 482 Elementa,

760 482 895 500 Arithmeticam
902 486 919 500 et
926 481 1024 504 Sohaeram
1033 483 1105 501 Ioannis
1114 484 1136 501 de
1143 490 1193 502 sacro
1200 485 1256 504 Busto

759 511 853 529 proponat.
871 505 922 524 Alter
930 506 1024 529 Eucliden,
1037 507 1135 527 Theoricas
1142 510 1255 529 Planetarum

759 536 776 550 et
784 532 872 550 ptolomei
879 537 961 554 magnam
969 533 1125 553 constructionem.

809 561 850 579 Duo
858 561 940 579 Lectores
947 561 1018 584 linguae
1026 562 1097 583 latinae,
1111 564 1142 587 qui
1148 568 1165 582 et
1172 570 1256 585 enarrent

759 587 862 610 praecipuos
874 586 938 605 Poetae
950 590 967 604 et
978 586 1070 605 Ciceronis
1080 589 1173 612 praecipua
1185 591 1256 614 scripta,

758 615 775 630 et
786 613 865 630 scrinant
877 612 911 635 ipsi
922 612 985 634 latine,
998 619 1035 630 non
1046 614 1118 632 sordide
1127 615 1203 633 solutam
1213 623 1254 635 on-

758 637 824 655 tionem
832 641 849 655 et
857 643 922 655 versus.

809 667 899 690 Septimus
910 670 936 685 est
945 667 1066 691 Paedogogus,
1079 669 1109 692 qui
1118 670 1195 688 subinde
1204 668 1255 695 repess

758 696 783 711 tat
788 692 928 710 Grammaticam
936 693 1016 715 latinam,
1028 693 1131 716 Linacrum,
1145 695 1256 719 Terentium,

758 718 826 742 aliquas
837 718 896 736 Plauti
907 718 986 740 fabulas,
999 722 1016 736 et
1027 719 1061 737 alia
1072 720 1137 743 scripta
1149 721 1171 738 ad
1184 726 1255 745 captum

758 743 844 767 puerilem
854 744 984 765 convenientia,
997 750 1018 761 ex
1025 745 1090 768 quibus
1097 746 1217 765 adolescentes
1224 754 1255 766 su—

758 775 805 786 mere
813 769 888 787 latinum
895 775 995 787 sermonem
1004 770 1077 793 possint,
1090 772 1150 794 quales
1157 778 1205 790 nunc
1212 777 1254 792 sunt

758 793 824 818 Aesopi
844 794 929 816 fabellae,
953 801 963 812 a
979 794 1069 813 Ioachimo
1086 795 1188 816 Camerario
1208 799 1254 817 reci-

758 824 809 838 [abac.

809 848 888 867 Octavus
903 848 1000 873 physicos,
1017 850 1048 874 qui
1063 849 1164 869 Aristotelis
1178 852 1205 870 Ph
1218 854 1253 872 sica

758 879 836 897 enarret,
853 878 870 892 et
881 874 1008 897 Dioscorideu,
1022 882 1042 893 ae
1054 880 1163 895 monstrator
1173 878 1196 896 sit

758 902 826 919 barum.

810 929 872 947 Nonus
884 929 948 947 Lector
955 928 1041 948 Ebraicae
1054 930 1134 954 linguae,
1148 933 1179 956 qui
1189 932 1254 951 Gram-

758 955 832 973 maticen
848 954 943 972 Ehraicam
956 956 1032 973 subinde
1046 961 1121 979 repetat,
1137 962 1154 975 et
1169 959 1254 982 adiungat

757 979 791 998 hos
798 981 854 998 libros
862 980 926 998 veteris
935 980 1053 1003 Testamenti,
1066 981 1156 1005 Genesin,
1168 983 1253 1007 Ps-ssmos,

758 1006 854 1024 Proverbia
864 1006 970 1027 salamonis,
982 1005 1059 1028 Esaiam,
1073 1006 1141 1029 lunam,
1154 1008 1253 1030 Danielem.

1225 886 1254 897 er-

809 1040 892 1058 Detimus
899 1039 963 1057 Lector
969 1039 1046 1058 Graecae
1054 1041 1129 1064 linguae,
1137 1043 1169 1066 qui
1176 1044 1253 1063 subinde

758 1069 825 1089 repetat
832 1065 965 1083 Grammaticen
974 1064 1069 1086 Graecam,
1083 1070 1100 1084 et
1107 1066 1140 1085 hos
1150 1068 1252 1092 scriptores:

757 1091 867 1112 Homerum,
884 1090 993 1112 Hesiodum,
1010 1090 1119 1114 Euripiden,
1139 1092 1252 1116 Sophoclem,

758 1116 883 1137 Theocritum,
898 1116 966 1139 aliquas
974 1115 1098 1135 Demosthenis
1109 1118 1206 1141 orationes,
1218 1121 1253 1138 ali-

757 1148 810 1166 quem
818 1148 839 1159 ex
847 1142 913 1164 graecis
922 1140 1019 1163 hiantium
1032 1142 1123 1161 interdurn
1132 1150 1173 1162 vero
1180 1145 1252 1165 misceat

758 1168 835 1191 aliquam
846 1167 898 1185 Pauli
908 1166 1017 1190 Epistulam,
1030 1168 1049 1185 iu
1060 1174 1094 1191 qua
1105 1173 1152 1187 reete
1163 1174 1181 1188 et
1191 1171 1252 1190 dextre

758 1194 838 1211 ostendat
851 1193 887 1210 vim
903 1193 997 1210 verborum
1018 1197 1035 1211 et
1053 1194 1116 1211 seriem
1131 1196 1252 1215 membrorum

757 1219 852 1238 orationis,
866 1218 966 1236 invideant
977 1218 1104 1240 adolescentes,
1117 1221 1139 1238 ad
1151 1221 1252 1245 intelligen-

758 1245 801 1262 dum
811 1250 911 1262 sermonem
920 1242 1046 1266 Apostolorum
1058 1245 1141 1267 prodesse
1151 1246 1222 1270 linguae
1234 1252 1252 1266 et

757 1270 821 1288 artium
829 1269 955 1292 cognitionem.

809 1298 857 1316 ldem
865 1298 930 1316 Lector
937 1298 960 1315 sit
966 1297 1050 1320 Echinus,
1062 1299 1096 1317 nisi
1105 1299 1125 1317 in
1133 1300 1207 1319 alterum
1217 1302 1251 1319 mi-

758 1331 791 1342 nus
802 1327 896 1342 oneratum
909 1324 1029 1341 transferenda
1040 1323 1082 1342 haec
1089 1326 1183 1348 praelectio
1192 1326 1252 1345 Colle-

758 1350 786 1373 gio
794 1350 888 1367 videbitur.
908 1348 1004 1367 Enarrabit
1013 1352 1071 1367 autem
1078 1349 1158 1373 Ethicus,
1172 1352 1252 1376 quisquis

758 1376 802 1396 erit,
818 1381 878 1398 graeca
889 1373 990 1392 Aristotelis
1000 1373 1063 1392 Ethica
1074 1376 1095 1393 ad
1108 1377 1186 1396 verbum.
1216 1379 1251 1396 Sed

758 1401 853 1423 diligenter
866 1400 954 1418 discernet
969 1405 1032 1423 genera
1048 1401 1178 1424 doctrinarum,
1196 1403 1252 1426 legem

904 1425 929 1443 64
