4546 5760
458 147 713 237 scalena
748 141 824 223 an
855 133 1053 222 varan
1085 132 1162 215 nr
1195 137 1433 221 unsrun
1467 139 1770 227 Mnsanrn
2068 148 2137 225 isa

1243 311 1332 434 {pppis
1354 322 1381 366 et
1385 308 1516 433 &prriptm
1550 331 1619 434 qpae
1641 315 1711 369 edita
1729 320 1794 395 sunt
1815 311 1849 367 de
1868 320 1960 393 mprta
1975 308 2051 367 Pbil.
2070 311 2140 371 Mel·

1318 412 1351 425 -
1442 398 1542 452 unque
1570 386 1660 435 ibrum
1681 382 1802 447 contub,
1820 378 2011 435 reddiderunt
2033 390 2138 435 uatum

1244 448 1407 589 ἓὲἐξΐδεω
1432 448 1539 503 mendis
1565 451 1783 523 typographicis,
1818 468 1888 523 qun
1911 446 2059 505 mulien
2082 467 2139 507 m

1142 667 1281 748 Oratio
1297 664 1431 743 habito
1449 671 1490 743 in
1503 665 1652 744 Funere
1669 669 1835 745 Domini
1854 662 2034 773 Philippa·
2049 664 2140 743 Me·

1144 768 1360 860 tonsionis,
1392 799 1418 844 a
1450 771 1495 851 V
1497 772 1564 845 ito
1595 768 1899 849 Winslsemio
1929 772 2027 845 artis
2055 768 2141 846 Me·

1194 873 1297 948 dicae
1315 872 1492 964 Doctum,
1519 871 1579 946 die
1596 874 1769 947 vicesima
1786 876 1913 975 prima
1932 871 2094 977 Aprilis.

100 175 175 251 ili

99 339 553 442 praesentiatestareotur,
584 351 621 397 se
645 339 681 396 et
706 319 888 413 magnifice
910 317 954 385 de
979 312 1088 384 Prae-

100 460 242 541 ceptore
264 453 387 511 nostro
407 431 574 514 sensisse,
600 440 636 498 et
659 438 779 495 nostra
798 446 838 491 ac
859 415 1038 490 Ecclesiae
1055 425 1090 482 et

103 544 316 623 Academiae
357 551 500 609 nostrae
532 530 683 603 orbitate
714 549 790 596 non
824 522 951 591 leviter
987 514 1090 589 affici.

103 652 255 723 lllorum
278 638 443 736 inprimis
466 638 566 708 decet
587 631 761 702 rationem
781 621 929 713 haberi,
962 635 997 692 et
1018 617 1092 686 illis

101 753 252 828 bonate
280 748 357 817 loca
385 743 425 810 in
456 757 622 833 processu
654 724 849 804 funeris'et
874 726 913 794 in
938 736 1091 813 utroque

101 853 235 946 templo
252 844 419 928 concedi,
438 864 485 910 ne
502 841 548 909 ad
568 856 651 908 suos
667 829 816 915 reversi,
839 828 949 898 iustas
966 842 1093 919 quere-

103 962 157 1031 las
171 976 289 1026 secum
303 947 389 1018 hinc
405 952 586 1035 asportent
599 940 643 1008 de
659 947 798 1007 nostrae
812 927 1007 1001 iuventutis
1024 923 1094 991 im-

105 1053 288 1157 pudentia,
310 1045 526 1128 curiositate,
550 1038 739 1137 Cyclopiro
756 1043 961 1123 contemptu
978 1023 1095 1096 omnis
1145 1016 1356 1099 Reverendi
1374 1042 1409 1098 et
1425 1026 1612 1098 clarissimi
1628 1027 1716 1110 viri,
1743 1027 1926 1113 doctrina,
1951 1027 2086 1099 vinulo
2108 1040 2144 1099 er

105 1157 263 1239 ordinis,
286 1148 479 1223 modestiae
499 1157 535 1215 et
558 1138 817 1229 verecundiae.¹
853 1131 942 1204 Vult
962 1126 1095 1199 Paulus
1145 1132 1213 1200 fide
1232 1142 1467 1221 praestantes,
1492 1129 1633 1221 patroni
1648 1142 1683 1199 et
1700 1131 1854 1221 collegae
1870 1129 2033 1211 colendi,
2059 1152 2141 1201 vos·

107 1255 320 1334 inEcclesia
341 1249 463 1323 omnia
487 1235 725 1337 εὐσχημόνως
744 1235 842 1316 fieri,
872 1247 907 1305 et
928 1226 1097 1301 memini·
1147 1256 1215 1326 que
1237 1230 1363 1322 optimi
1385 1232 1575 1302 auditores.
1627 1229 1709 1300 Non
1726 1245 1799 1316 est,
1824 1229 1948 1301 utiam
1969 1253 2065 1301 ame
2081 1255 2141 1303 ex-

106 1363 187 1443 stis,
211 1380 319 1451 quam
345 1351 489 1425 sedulus
512 1360 547 1418 et
571 1344 661 1415 acris
682 1361 785 1432 saepe
808 1333 970 1409 hortator
993 1326 1097 1400 vobis
1147 1330 1993 1426 1³⁰&ssss⁰r³ll⁰nemstudioautmeditatione
2016 1330 2139 1427 aliqu

106 1468 152 1539 ad
173 1458 332 1538 ordinis,
357 1451 549 1524 modestiae
571 1460 606 1518 et
629 1438 863 1514 verecundiae
883 1432 1041 1507 studium
1062 1440 1098 1499 et
1148 1437 1383 1519 elaboratam,
1406 1434 1546 1526 qualem
1566 1428 1624 1503 hie
1639 1435 1738 1504 locus
1753 1446 1789 1505 et
1802 1432 2003 1522 argumenti
2018 1434 2140 1524 digui-

108 1586 266 1643 amorem
286 1557 396 1630 suerit
418 1549 477 1623 hic
497 1554 572 1642 ipse
594 1545 806 1636 Praeceptor
823 1550 964 1620 noster,
997 1530 1098 1602 cuius
1148 1552 1200 1606 tas
1217 1536 1429 1630 requirebat.
1480 1533 1603 1627 Neque
1620 1536 1716 1604 enim
1737 1535 1776 1603 in
1793 1547 1894 1604 tanto
1911 1528 1979 1604 hoc
1994 1536 2141 1626 publico

110 1664 253 1739 exuvias
285 1656 394 1730 hodie
424 1670 539 1727 terrae
571 1642 917 1721 commendabimus,
947 1653 1098 1729 quarum
1149 1640 1267 1722 lucau,
1300 1649 1334 1705 et
1354 1658 1432 1705 meo
1464 1637 1690 1705 ,mhgffimo
1712 1636 1854 1714 dolore,
1881 1634 1924 1704 ad
1949 1634 2144 1708 dicendum

109 1760 491 1843 commonefactionurn
505 1752 642 1847 piarum
658 1743 843 1828 recordati,
860 1762 958 1811 nunc
971 1730 1099 1805 harum
1149 1740 1275 1810 afferre
1291 1759 1433 1828 mum
1448 1760 1525 1806 eam
1541 1737 1653 1805 ,nimi
1670 1735 1923 1827 praesentiam,
1946 1747 1982 1806 et
1996 1738 2144 1830 ‘piritu
2166 1790 2169 1799 .

108 1872 282 1941 virtutum
304 1859 482 1955 specimen
504 1853 598 1925 edite
622 1850 661 1919 in
676 1845 745 1918 hoc
764 1844 875 1937 ipsius
891 1842 1034 1921 funere,
1058 1833 1098 1902 in
1150 1854 1256 1934 alque
1279 1834 1365 1909 baec
1388 1837 1463 1929 ipsa
1485 1862 1555 1907 vox
1578 1838 1678 1907 testis
1702 1838 1858 1930 pietatis,
1883 1837 2131 1909 observantia,

109 1996 182 2067 quo
204 1988 312 2061 quam
334 1959 485 2032 maxime
507 1952 616 2025 vestri
638 1948 768 2049 amoris
792 1960 828 2017 et
854 1934 1100 2014 observantiae
1151 1957 1185 2013 et
1206 1940 1436 2032 gratitudinis
1459 1953 1599 2010 nostrae
1617 1961 1697 2027 erga
1721 1937 1979 2032 pientissimum
1998 1892 2144 2032 etopti‘:

110 2094 192 2162 erga
205 2082 278 2139 tam
293 2064 392 2156 pium
406 2059 547 2155 Patrem
564 2050 744 2125 evidentia
765 2047 865 2137 signa
888 2056 922 2114 et
939 2037 1099 2113 testimo·
1150 2067 1249 2113 mum
1272 2039 1554 2131 Praeceptorem,
1575 2040 1731 2110 lacrimis
1753 2053 1788 2111 et
1806 2061 1968 2111 moerore
1988 2038 2143 2134 impedi-

113 2175 175 2246 ¹¹l⁸
195 2171 299 2242 “¹⁸¹⁰
315 2187 381 2257 l¹0⁸
398 2157 579 2232 ⁶⁰¹¹V⁰¹¹st⁰
1152 2159 1211 2216 tur
1226 2156 1331 2235 atque
1347 2142 1608 2214 intercluditur.

216 2271 351 2342 lterum
372 2263 482 2352 igitur
502 2283 565 2330 vos
581 2265 727 2349 propter
740 2246 857 2321 Deum
874 2261 1036 2323 oramus,
1060 2247 1104 2308 ut
1253 2241 1327 2314 Res
1348 2268 1432 2313 vero
1456 2237 1642 2334 ipsa,boc
1669 2256 1740 2327 est,
1765 2241 1898 2331 pietas,
1922 2240 2089 2312 doctrina
2109 2256 2144 2315 et

113 2379 232 2448 1⁰⁸¹1¹¹¹
255 2365 525 2441 ⁶⁰1¹V²¹¹l⁸¹¹l⁶ffl
553 2360 592 2428 5¹¹
617 2352 753 2426 lunelli
777 2345 990 2421 deductione
1015 2362 1101 2411 ⁶0¹¹·
1151 2349 1265 2418 virtus
1287 2347 1472 2414 reverendi
1491 2343 1733 2437 Praeceptoris
1750 2344 1795 2413 de
1815 2344 1948 2436 quibus
1968 2336 2040 2413 hoc
2055 2356 2145 2415 tent·

114 2474 246 2551 cedatis
270 2467 439 2542 Dominis
461 2460 681 2541 Batonibus,
705 2450 936 2544 Hospitibus,
961 2442 1103 2514 Proles-
1153 2473 1239 2542 pora
1261 2447 1451 2516 dicendum
1473 2460 1565 2529 erat,
1591 2468 1666 2515 non
1689 2444 1902 2514 mediocrem
1924 2443 2071 2515 dicendi
2090 2446 2144 2517 sa.

115 2578 255 2653 soribus
270 2569 430 2645 omnium
452 2564 679 2638 facultatum,
704 2551 922 2626 Consulibus
939 2558 974 2616 et
990 2542 1104 2615 Sena·
1153 2551 1338 2626 cultatem,
1384 2548 1445 2615 sed
1471 2547 1544 2617 vim
1577 2559 1613 2616 et
1644 2547 1778 2616 flumen
1805 2544 1976 2616 orationis
2002 2546 2143 2617 uberri-

113 2681 273 2760 toribos,
296 2668 495 2760 Magistris,
519 2660 710 2734 Nobilibus
726 2668 763 2725 et
776 2653 854 2722 aliis
870 2660 996 2731 aetate,
1023 2665 1104 2714 eru·

115 2783 252 2855 ditione
274 2788 309 2846 et
330 2770 457 2840 merito
481 2759 693 2834 venerandis
717 2755 822 2840 viris,
855 2765 896 2822 ut
918 2748 1001 2818 illos
1024 2767 1104 2813 mo·

117 2888 215 2955 deste
229 2892 263 2949 et
278 2875 396 2970 quiete
407 2864 603 2962 sequamini
621 2850 785 2955 quaterni
804 2855 859 2923 vel
874 2848 996 2946 quini,
1018 2859 1051 2917 et
1066 2843 1105 2911 in

116 2984 205 3056 locis
219 2973 484 3069 angustioribus
500 2989 575 3037 non
596 2960 737 3033 arctetis
757 2972 792 3029 et
810 2951 974 3043 affligatis
992 2947 1105 3017 imbe-

117 3086 283 3158 cilliores.
332 3075 430 3146 Haec
455 3094 519 3141 vos
541 3065 657 3137 officia
679 3060 747 3153 ipsi
764 3070 888 3155 sponte
905 3051 1056 3142 cogitare
1072 3057 1105 3114 et

116 3198 294 3282 praestare
309 3173 517 3256 debebatis,¹
533 3168 639 3239 etiam
657 3165 733 3233 sine
756 3161 832 3232 ullo
850 3154 1046 3229 monitore,
1073 3159 1108 3216 et

118 3289 210 3359 illud
237 3282 341 3355 Pauli
368 3278 503 3349 dictum
529 3266 749 3338 meminisse:
793 3255 966 3329 modestia
992 3262 1106 3321 vestra

118 3404 203 3461 nota
220 3387 280 3456 fiat
296 3379 463 3453 omnibus
483 3368 703 3445 hominibus.
753 3359 866 3434 Datae
882 3360 944 3433 et.
960 3348 1108 3446 Aprilis,

119 3515 191 3587 quo
219 3501 300 3557 ante
322 3478 508 3553 biennium
536 3472 641 3544 etiarn
660 3463 886 3538 acerbissimo
912 3481 992 3529 cum
1008 3454 1108 3524 luctu

118 3588 344 3686 sepelivimus
366 3578 617 3654 Reverendum
641 3592 781 3652 senem,
807 3564 955 3657 pietate,
987 3552 1107 3627 erudi-

117 3696 215 3765 tione
240 3713 280 3760 ac
299 3685 436 3756 meritis
458 3682 496 3747 in
516 3673 710 3755 Ecclesiam
730 3677 964 3759 praestantem
981 3654 1109 3739 Domi-

119 3817 207 3866 num
222 3793 404 3861 doctorem
417 3768 977 3873 Bugenhaginrrrl'oineranum,
1001 3754 1108 3828 huius

116 3893 294 3968 Ecclesiae
313 3901 501 3984 pastorem.
555 3876 666 3952 1560.
682 3867 725 3969 ⁸).

120 4082 1113 4138 “s-.-

134 4266 201 4340 No.
218 4262 358 4337 7186.’
384 4224 388 4229 ¹

128 4362 341 4397 Μ

453 4432 689 4544 Scriptum
716 4421 777 4509 B.

260 4599 341 4661 vtet
363 4593 545 4691 vertelll,
569 4579 814 4651 wmmmtt,
836 4574 975 4637 erano.

191 4735 246 4791 Viti
274 4729 449 4788 Winsbemii
474 4725 561 4783 oratio
586 4717 675 4777 babila
700 4715 730 4769 in
759 4712 858 4767 iuuere
884 4707 1113 4767 Melaacbtbonis.

227 4806 316 4858 Viteb.
337 4803 413 4856 156⁰.
432 4803 459 4853 4.
483 4793 554 4867 apl.
599 4788 675 4855 (vid.
701 4782 835 4837 Servaeus·
857 4779 925 4834 bibl.
944 4777 1114 4834 Melantbon.

224 4874 278 4929 No.
292 4872 372 4929 bibl.
390 4901 422 4913 -
459 4867 567 4920 Reeusa
588 4862 616 4913 in
634 4856 717 4913 Tom.
736 4851 767 4906 V.
787 4848 1026 4904 Declamationum
1048 4848 1114 4902 Me·

223 4941 308 4997 lantb.
327 4939 390 5001 edit,
406 4934 520 4991 Witeb.
540 4952 566 5003 p.
578 4928 641 4985 268.
656 4934 683 4979 et
700 4924 730 4979 in
747 4920 835 4975 libro:
865 4917 1029 4986 Orationes,
1051 4917 1113 4988 epi-

956 4246 977 4308 2
969 4234 1111 4354 Qu

127 5084 338 5108 -..Μ

155 5200 186 5263 6)
207 5195 309 5249 Verbae
327 5206 382 5260 quo
401 5194 467 5239 onte
484 5179 629 5237 biennium
644 5185 713 5248 etta,
733 5172 761 5226 in
774 5168 889 5242 Scriptis
902 5145 976 5242 publ.
989 5190 1048 5228 non
1063 5172 1105 5228 le·
1126 5234 1129 5239 Ι

189 5273 305 5337 guantur,
329 5258 376 5314 sed
391 5256 485 5309 linitur
500 5250 601 5323 pagella
615 5247 717 5301 serbis:
742 5243 848 5314 „datas
859 5240 904 5296 21.
919 5242 1022 5315 Aprili,
1040 5260 1113 5298 2220

194 5330 288 5388 tao0.”

1154 2675 1251 2722 mum
1267 2647 1466 2739 postulant,
1489 2669 1596 2741 aquo
1611 2670 1668 2716 me
1682 2671 1789 2740 quam
1806 2646 2010 2737 longissime
2023 2649 2144 2720 messe

1155 2752 1282 2824 sentio.

1254 2850 1418 2921 Audistis
1440 2849 1549 2938 igitur
1567 2849 1607 2918 in
1627 2847 1824 2939 praesentia
1846 2871 1921 2919 non
1944 2847 2144 2922 orationem

1155 2956 1212 3025 vel
1224 2949 1308 3021 buic
1324 2952 1413 3035 loco,
1437 2952 1494 3019 vel
1511 2951 1658 3021 auribus
1672 2951 1809 3035 vestris,
1834 2949 1893 3018 vel
1904 2950 2145 3040 magnitudini

1154 3054 1263 3127 hubas
1284 3051 1482 3143 argumenti
1505 3052 1794 3136 convenientem,
1819 3053 1880 3121 sed
1895 3050 2044 3123 miseras
2066 3066 2145 3124 tan-

1156 3172 1244 3239 tum,
1269 3153 1438 3238 concisas,
1463 3166 1497 3223 et
1510 3154 1601 3222 male
1614 3146 1842 3221 cohaerentes
1858 3152 2030 3245 querelas,
2055 3179 2147 3249 qua·

1155 3262 1206 3330 les
1229 3255 1340 3327 animi
1362 3255 1462 3325 luctu
1476 3269 1512 3326 et
1528 3255 1652 3326 dolore
1673 3254 1869 3342 perturbati
1887 3269 2018 3326 temere
2031 3258 2147 3330 solent

1156 3359 1357 3441 ellrrndere,
1383 3357 1512 3449 quibus
1528 3380 1574 3427 ne
1593 3355 1697 3425 nobis
1712 3355 1864 3425 nimium
1880 3356 2051 3428 molestos
2067 3358 2149 3447 sim,

1157 3461 1371 3531 moderabor
1392 3459 1466 3549 ipse
1488 3453 1599 3540 mihi,
1624 3470 1658 3526 et
1673 3456 1830 3526 breviter
1849 3469 1988 3528 tantum
2008 3482 2158 3531 summa:

1157 3563 1330 3658 quaedam
1351 3559 1463 3649 capita
1479 3582 1597 3627 rernm
1621 3580 1843 3645 percurram,
1868 3572 2022 3644 caetera,
2046 3561 2077 3630 si
2094 3562 2149 3630 vi·

1158 3688 1257 3745 vam,
1281 3662 1427 3730 fortasse
1451 3659 1522 3729 alio
1547 3673 1703 3751 tempore
1727 3658 1834 3750 paulo
1855 3660 2002 3733 uberius
2021 3674 2151 3734 tracta·

1162 3780 1275 3836 turus.
2126 3772 2140 3791 ‘

1260 3859 1338 3933 Etsi
1360 3875 1402 3931 nt
1424 3862 1499 3932 dixi
1521 3861 1680 3953 intelligo
1703 3878 1815 3934 meet
1837 3878 1984 3954 propter
2012 3864 2152 3957 ingenii

1160 3967 1368 4037 tenuitatem
1391 3978 1425 4036 et
1446 3964 1618 4034 orationis
1636 3966 1817 4056 inopiam,
1839 3961 1924 4036 huic
1939 3984 2151 4057 argumento

1160 4092 1226 4161 pro
1239 4065 1409 4156 dignitate
1423 4067 1603 4136 tractando
1617 4067 1721 4154 longe
1734 4068 1905 4158 imparem
1919 4090 2006 4154 esse,
2029 4080 2152 4141 tamen

1162 4171 1217 4239 vel
1247 4167 1407 4239 doctrina
1428 4183 1463 4238 et
1484 4167 1597 4237 virtus
1620 4164 1727 4239 huius
1750 4169 1836 4253 viri,
1861 4170 1918 4238 vel
1941 4170 2055 4261 ipsius
2075 4158 2163 4243 noa'

1163 4284 1299 4342 tautum
1336 4293 1414 4358 erga
1442 4267 1672 4341 Germaniam
1708 4287 1887 4356 nostram,
1937 4269 2009 4343 Sed
2036 4285 2153 4344 toturn

1161 4369 1403 4443 Christianum
1419 4372 1540 4439 orbem
1555 4372 1700 4459 merita,
1724 4387 1759 4444 et
1778 4373 1965 4466 praecipue
1987 4396 2070 4464 erga
2085 4368 2153 4445 bs-

1164 4499 1242 4543 rum
1264 4473 1446 4561 regionum
1465 4468 1639 4544 Ecclesiae
1653 4489 1687 4544 et
1705 4467 1795 4545 hanc
1809 4469 1979 4559 scholam,
2004 4487 2039 4546 et
2054 4496 2153 4547 teor·

1163 4601 1240 4646 sum
1258 4597 1337 4664 erga
1354 4597 1409 4642 me
1422 4575 1609 4661 beneficia,
1629 4599 1751 4645 vocem
1767 4569 1856 4644 mihi
1869 4575 2085 4668 exprimunt,
2108 4590 2153 4653 nt

1165 4672 1222 4746 his
1237 4678 1359 4745 saltem
1375 4676 1587 4765 lugubribus
1600 4678 1752 4771 querelis
1766 4677 1891 4770 optimi
1913 4678 2153 4771 praeceptoris

1164 4778 1330 4850 manibus
1346 4794 1540 4869 parentem,
1564 4781 1696 4872 quibus
1711 4791 1744 4848 et
1758 4779 1915 4869 ingentia
1929 4781 2035 4865 bona,
2060 4802 2153 4875 quae

1163 4881 1312 4981 interitu
1342 4875 1450 4951 huius
1482 4879 1554 4950 viri
1584 4880 1799 4966 amittimus,
1838 4894 1872 4951 et
1902 4877 2155 4971 Ecclesiam,

1164 4978 1324 5068 scholae,
1347 5005 1387 5051 ac
1402 4997 1559 5053 nostram
1575 4983 1764 5053 orbitatem
1780 4983 1973 5075 deplorem.

1267 5082 1358 5154 Nam
1373 5083 1403 5151 si
1419 5085 1511 5154 etde
1528 5084 1651 5173 poenis
1666 5085 1812 5168 divinis,
1837 5100 1941 5177 quae,
1966 5108 2049 5156 cnm
2066 5086 2156 5158 tales

1164 5184 1233 5254 viri
1252 5210 1292 5254 cx
1315 5180 1381 5255 hac
1398 5185 1469 5256 vita
1491 5200 1697 5273 evocantur,
1724 5186 1931 5274 imminent,
1956 5200 1991 5260 et
2012 5187 2157 5282 impen-

1165 5288 1332 5359 dentibus
1363 5288 1469 5357 nobis
1500 5287 1639 5359 miseris
1671 5276 1863 5361 dicendum
1894 5289 2007 5378 foret,
2041 5290 2159 5385 magis
