4552 5766
137 178 214 256 τω
504 168 507 173 ’
725 151 1147 259 ΟΠΑΕΒΤΙΟΝΕΒ
1177 149 1579 257 ACADMCAE
2089 171 2163 251 m

142 347 316 477 Μ
841 352 845 359 ·
895 338 1125 472 Q
1174 328 1276 405 ribus
1296 330 1641 460 evertuntlmperis.
1691 334 1745 418 Ut
1761 360 1846 463 cosa
1865 340 2018 419 loiss'em
2033 342 2170 425 metet

206 562 238 619 a
257 557 424 629 ousta..
465 553 533 615 aa.
551 561 579 617 a
596 552 627 607 ι.
645 548 847 636 samam.
866 548 901 605 r.
919 547 969 605 ιιι.
980 569 1009 622 ρ.
1020 544 1083 607 rsa.
1096 557 1125 606 a
1173 435 2168 657 hbifflnffiwffiffffl'gffiffi

237 630 322 687 som.
339 624 390 683 ¹¹¹·
454 622 579 683 ΜΝ·
593 621 625 680 ¹³·
639 620 672 685 v·
706 621 786 679 Μ’·
800 618 835 677 ¹¹·
854 616 958 695 ΡΜ·
1173 636 1289 711 blatam
1318 640 1398 734 pise
1421 644 1582 717 mulieris
1604 642 1749 719 floren
1784 647 1921 723 deiude
1942 674 2053 745 qum
2073 666 2165 729 tetss

133 803 381 1001 mtngig
395 802 683 1006 ἓσΐηθᾝίῦὲἱι
699 791 1125 991 amanam
1171 742 1999 941 ffiqtre‘nlqtfflxnfflssgwssmertffiqaet
2016 752 2166 952 :m

133 1010 231 1087 blico
246 1020 285 1085 et
299 1016 340 1085 in
354 1009 416 1085 lib.
430 1012 473 1083 7.
490 1008 636 1081 Potitio.
650 1002 885 1091 Aristotelis,
910 1007 1079 1074 recitata
1098 1022 1122 1072 o
1172 944 2163 1146 23:⁶25&ffl⁸ffl?¹tnssf;2d}fi:mrsmffl

216 1120 321 1213 Meu.
342 1108 555 1186 M‘iiffla
576 1111 711 1182 Sim
730 1108 1038 1203 Miiimmtmw’
1173 1149 1348 1234 traduxit,
1372 1166 1645 1250 propterquam
1666 1180 1806 1229 musam
1827 1172 1862 1230 et
1881 1159 1977 1231 filius
1996 1162 2094 1253 patri
2107 1161 2162 1233 iu·

487 1208 523 1287 3·
540 1213 635 1309 ‘4¹⁴9·
650 1204 763 1284 ¹5⁴⁰·
1172 1249 1279 1321 sidias
1306 1253 1451 1324 struxit:
1480 1254 1519 1325 in
1551 1280 1623 1350 quo
1646 1259 1775 1329 scelere
1794 1255 2038 1352 deprehensus
2059 1264 2161 1351 blius,

131 1352 232 1441 (ium
248 1379 348 1437 vetus
363 1377 399 1435 et
412 1358 658 1435 honestissima
673 1357 894 1429 consuetudo
908 1348 1121 1427 Scholarum
1172 1350 1376 1424 interiectus
1392 1368 1455 1430 est.
1505 1353 1556 1427 Hi
1571 1380 1687 1429 mores
1703 1384 1778 1431 nott
1793 1361 1857 1432 diu
1871 1363 2031 1436 retinent
2046 1388 2161 1457 regns

131 1469 234 1540 vobis
250 1482 335 1565 pota
350 1467 415 1552 sit,
439 1489 524 1550 oro,
548 1486 594 1533 ne
607 1485 688 1531 meo
703 1457 853 1529 consilio
867 1479 943 1537 me,
968 1456 1121 1527 oblitum
1171 1452 1276 1525 Stant
1293 1455 1402 1545 igitur
1419 1457 1676 1552 aliquantisper
1693 1461 1860 1554 imperia,
1885 1467 1999 1537 donec
2013 1464 2086 1539 Ilei
2100 1468 2160 1539 be·

130 1570 254 1644 aetatis
267 1584 302 1640 et
317 1567 457 1650 decori,
481 1562 671 1657 sumpsisse
685 1555 774 1631 mihi
790 1554 854 1629 has
869 1571 987 1652 partes
1000 1557 1121 1630 existi·
1172 1555 1296 1626 nebcio
1325 1558 1457 1630 dantur
1487 1562 1740 1649 gubernatores
1769 1563 1901 1636 virtute
1930 1581 2158 1657 praestantes.

128 1672 247 1743 metis:
275 1672 336 1740 sed
358 1666 555 1740 necessitati
577 1664 697 1758 potius
719 1675 759 1751 et¹
771 1674 1036 1755 praeceptorum
1055 1684 1121 1735 vo-
1169 1651 1310 1729 Deinde
1326 1659 1486 1753 sequitur
1500 1661 1684 1749 interitus,
1709 1664 1792 1758 quia
1806 1665 1939 1758 posteri
1953 1692 2018 1745 seu
2033 1685 2158 1743 natura

128 1774 257 1846 luntati
274 1774 542 1862 obtemperasse.
595 1762 644 1838 Et
657 1784 862 1860 quanquam
877 1762 916 1829 in
931 1761 1120 1835 audiendis
1169 1781 1231 1830 seu
1252 1759 1462 1853 discipliuae
1477 1763 1697 1852 neglectiore
1712 1780 1797 1837 stent
1811 1769 2018 1846 deteriores.
2070 1768 2156 1843 For·

128 1876 338 1959 iuvenibus,
364 1887 405 1944 ut
426 1870 605 1941 crescendi
623 1867 724 1960 copia
739 1865 804 1951 sit,
829 1864 1043 1958 aequitatem
1058 1888 1118 1934 es·
1169 1859 1269 1932 lassis
1290 1874 1325 1931 et
1343 1863 1465 1933 stellae
1484 1880 1665 1939 maturant
1679 1868 1833 1954 excidia,
1855 1884 1896 1941 ut
1911 1894 2009 1943 nune
2022 1873 2157 1963 dicunt,

127 1977 251 2048 imiam
271 1972 469 2069 praestatis:
496 1985 614 2042 tamen
631 1982 673 2040 ut
691 1990 748 2037 me
764 1964 937 2061 patienter
951 1966 1119 2053 audiatis,
1168 1975 1273 2056 capul
1288 1961 1459 2037 Medusae
1478 1967 1561 2039 urbi
1576 1965 1714 2042 Romae
1736 1970 1970 2043 mutationem
1985 1973 2157 2051 minitari·

127 2101 313 2171 meamque
341 2074 542 2147 orationem
569 2070 658 2143 boni
679 2066 889 2148 consulatis,
922 2090 988 2136 nos
1009 2067 1117 2137 etiam
1167 2061 1236 2136 seu
1260 2090 1341 2136 curn
1364 2060 1472 2138 buius
1492 2068 1719 2157 gravissimae
1739 2072 1956 2166 quaestionis
1970 2076 2156 2168 explicatio

127 2196 232 2275 atque
253 2180 358 2249 ctiam
379 2201 456 2247 oro.
508 2172 650 2244 Faciam
665 2171 779 2256 enim,
804 2168 942 2239 etiamsi
958 2171 1116 2241 novitate
1167 2166 1323 2259 requirat
1344 2167 1450 2258 longe
1468 2168 1698 2242 eruditiorem
1715 2173 2014 2267 disputationem,
2037 2178 2156 2249 deiero

125 2280 325 2373 argumenti
348 2279 484 2371 placere
506 2300 581 2347 non
603 2288 747 2369 potero,
772 2285 814 2342 ut
836 2283 981 2364 propter
996 2270 1117 2341 brevi·
1167 2291 1244 2336 carn
1265 2269 1310 2338 ad
1328 2269 1573 2342 doctissimum
1597 2272 1714 2343 virum
1733 2270 1925 2345 Ductorem
1942 2264 2155 2375 Carporum

126 2396 233 2454 tatem
254 2381 373 2454 minus
389 2381 526 2469 ingrata
543 2377 588 2448 sit
603 2374 729 2449 oratio.
778 2370 947 2462 Legimus
964 2369 1116 2464 Pompe-
1166 2360 1424 2463 Crusigerum,
1456 2396 1563 2468 quem
1584 2399 1670 2458 oro,
1691 2387 1733 2446 ut
1757 2390 1931 2469 quantum
1954 2403 2056 2453 nune
2077 2382 2156 2475 qui·

126 2485 215 2569 inm,
241 2508 321 2553 cum
337 2483 451 2552 vietus
467 2480 503 2550 in
518 2479 651 2572 praelio
667 2472 871 2547 Pharsalico
885 2472 924 2544 io
941 2472 1116 2567 lugaMy-
1165 2471 1246 2541 dem
1267 2472 1343 2542 beri
1361 2487 1492 2564 potest,
1516 2478 1560 2545 de
1578 2499 1617 2545 ea
1636 2475 1796 2547 disserat.
1847 2474 1927 2550 Etsi
1942 2493 2065 2552 autem
2078 2484 2154 2555 sirie

125 2587 259 2657 tilenen
276 2586 317 2654 ad
334 2583 521 2673 coniugem
536 2580 700 2664 venisset,
723 2576 934 2667 fugitantem
947 2598 1115 2664 congres-
1165 2595 1295 2664 magun
1312 2575 1436 2645 dolore
1454 2574 1563 2670 aspici
1581 2590 1643 2648 aut
1659 2578 1806 2668 cogitari
1821 2580 1947 2650 ruinae
1963 2605 2154 2673 regnorum

124 2686 184 2759 sus
206 2685 360 2772 civium,
382 2684 551 2779 aquibus
570 2677 792 2771 hospitaliter
806 2677 1043 2762 invitabatur,
1068 2678 1115 2749 sd
1165 2699 1239 2745 non
1262 2689 1429 2768 possunt:
1454 2690 1573 2749 umen
1595 2703 1662 2752 nos
1682 2694 1864 2752 teneamus
1885 2676 2154 2757 ltanceonsola·

123 2812 238 2859 uuum
254 2786 437 2857 divertisse
448 2782 656 2877 Cratippum
666 2773 937 2872 Philotophutu,
963 2802 1004 2849 ae
1017 2779 1113 2870 apud
1163 2777 1317 2863 tionem,
1339 2773 1534 2849 Ecclesiam
1549 2776 1616 2853 Dei
1637 2803 1841 2852 mansuram
1863 2806 1956 2870 esse,
1981 2809 2074 2878 quae
2087 2787 2153 2857 ali-

124 2914 205 2961 eum
215 2902 338 2959 coutra
348 2885 608 2979 providentiam
619 2880 728 2953 multa
739 2882 945 2973 disputasse,
967 2884 1061 2974 quod
1074 2880 1113 2952 in
1163 2902 1233 2973 qua
1261 2878 1300 2947 iu
1331 2880 1434 2949 terris
1457 2874 1609 2973 hospitia
1634 2876 1796 2955 habebit:
1830 2868 2094 2979 qnae-quidem
2113 2902 2152 2959 nt

122 3012 226 3067 causa
249 2989 413 3074 iustiore,
438 3002 478 3059 ut
496 2987 571 3080 ipse
589 2985 843 3069 contendebat,
868 2977 977 3052 aDeo
992 2983 1114 3051 deser·
1162 2983 1236 3050 sint
1249 2980 1459 3073 tranquilla,
1482 2982 1588 3053 saciat
1600 2980 1697 3054 Deus
1710 2998 1875 3057 aeternus
1890 2983 1995 3059 Pater
2008 2988 2151 3061 Domini

123 3105 182 3163 tus
203 3105 310 3172 esset,
336 3089 388 3160 ibi
402 3086 591 3181 Cratippus
613 3101 653 3159 ut
672 3086 771 3157 illius
796 3083 956 3154 dolorem
971 3083 1112 3164 leniret,
1162 3080 1277 3154 nostri
1293 3079 1374 3153 lesu
1387 3076 1535 3159 Christi.
1584 3079 1682 3159 Dixi.

123 3207 247 3266 contra
267 3191 452 3280 disseruit,
479 3192 608 3261 multas
627 3211 701 3259 esse
715 3206 855 3271 musas,
877 3183 1006 3277 partim
1019 3177 1113 3279 phy·
1453 3262 1463 3283 ι
1903 3266 1912 3287 ι
1995 3268 2007 3289 ⁶
2135 3244 2138 3249 .

123 3294 212 3369 sicas
235 3318 275 3366 ae
296 3293 438 3379 fatales,
469 3291 595 3386 partim
617 3289 790 3375 morales,
818 3300 853 3360 et
874 3281 1000 3357 barum
1023 3284 1112 3357 alias
1303 3258 1481 3349 ΜΡΝ
1508 3264 1553 3335 υ·
1581 3262 1763 3353 c‘⁸⁸l’tiri
1789 3265 2015 3357 ormam·

122 3395 326 3491 propiores,
350 3395 437 3468 alias
460 3391 686 3478 remotiores,
708 3414 772 3462 cur
795 3386 945 3481 imperia
968 3400 1111 3459 muten·
1263 3383 1453 3480 Perspicua
1477 3401 1512 3461 et
1532 3389 1686 3463 illustria
1705 3390 1908 3467 testimonis
1925 3408 2014 3469 suut
2030 3399 2147 3489 prori-

120 3513 193 3574 tur.
242 3492 323 3569 Etsi
343 3510 461 3568 autem
482 3491 569 3566 haec
591 3507 689 3566 tauta
704 3492 862 3587 quaestio
876 3490 981 3580 louge
997 3512 1110 3559 meam
1160 3488 1301 3560 dentiae
1317 3489 1472 3575 divinae,
1496 3504 1590 3563 certa
1604 3516 1793 3585 corporum
1810 3494 2017 3569 coelestium
2032 3500 2153 3575 etele-¹

121 3610 270 3673 aunem
299 3612 456 3692 superat:
490 3613 607 3669 tamen
629 3608 671 3666 ut
691 3595 731 3665 io
752 3592 916 3683 regendis
937 3589 1111 3679 moribus,
1161 3604 1363 3663 mentorum
1393 3591 1516 3678 series,
1548 3594 1635 3665 certi
1659 3595 1816 3667 siderum
1839 3608 1976 3683 motus,
2008 3624 2052 3673 sc
2073 3622 2155 3693 spo.

121 3714 155 3775 et
178 3701 217 3772 in
237 3700 404 3771 omuibus
425 3698 518 3769 vitae
539 3697 717 3781 consiliis,
741 3693 969 3765 modestiores
986 3693 1111 3775 simus,
1161 3692 1295 3764 cierum
1317 3695 1558 3781 conservatio,
1580 3708 1615 3767 et
1639 3695 1769 3767 mentis
1790 3691 1971 3769 hummare
1991 3702 2152 3789 notitiae,¹

120 3802 193 3874 dici
207 3802 343 3896 aliquid
359 3804 403 3870 de
418 3798 654 3871 mutationum
669 3795 953 3867 causisutileest.
1004 3792 1108 3865 Plato
1161 3817 1251 3888 quae
1278 3807 1362 3865 sunt
1384 3795 1513 3866 artium
1537 3798 1666 3875 sontes,
1727 3792 1825 3869 Haec
1845 3799 1967 3873 omnia
1987 3826 2073 3877 cum
2094 3805 2150 3875 io·

120 3930 197 3977 rem
210 3916 344 3977 tantam
354 3900 507 3975 involuit
517 3897 797 3991 aenigmatibus,
820 3894 1004 3990 inquiens,
1025 3920 1111 3967 cau·
1160 3909 1319 3981 tuemur,
1342 3896 1445 3967 lateri
1469 3898 1646 3988 cogimur,
1667 3922 1742 3971 esse
1756 3915 1910 3973 mentem
1927 3897 2157 3979 Arabim.

120 4030 195 4077 sem
216 4028 310 4089 essa,
335 4028 399 4075 eur
421 4016 602 4075 mutentur
624 3998 790 4092 imperia,
814 3996 899 4091 quia
918 3995 1110 4091 sesquiteo-
1161 3998 1284 4069 tricem
1309 3994 1454 4084 mundi,
1487 4023 1579 4093 quae
1600 4000 1688 4073 velit
1708 4001 1779 4072 coli
1801 3998 1898 4073 iuxta
1923 4027 2089 4079 normam
2110 4032 2155 4079 sc-

119 4107 285 4181 tiaradis
299 4106 419 4175 iuncta
434 4103 619 4198 quinario,
643 4103 733 4173 duas
747 4091 1108 4172 efficiatbsrrnoniss:
1161 4101 1272 4190 leges,
1298 4122 1392 4196 quas
1406 4100 1511 4171 nobis
1525 4100 1672 4176 indidit.
1723 4098 1849 4174 Postea
1865 4126 1950 4175 vero
1964 4128 2049 4177 cum
2064 4132 2149 4191 onu-

119 4208 213 4278 nltra
244 4228 330 4301 quas
358 4230 439 4277 eum
467 4220 594 4276 natura
621 4218 743 4296 postea
767 4199 959 4272 deteriores
979 4200 1110 4291 gignat,
1160 4202 1316 4273 fusiones
1346 4202 1598 4295 imperiorum,
1625 4201 1782 4295 gentium
1803 4204 1970 4277 interitus
1988 4222 2025 4279 et
2046 4210 2150 4283 dissi·

120 4310 377 4381 circumactam
392 4308 578 4399 periodum
603 4306 707 4374 linire
731 4302 891 4395 imperia.
949 4297 1029 4371 Hoc
1052 4303 1109 4373 di·
1160 4303 1321 4396 pationes
1343 4302 1529 4374 intuentur
1550 4295 1732 4390 homines,
1754 4304 1897 4378 attoniti
1912 4308 2149 4385 admiratione

119 4427 214 4483 ctum
242 4409 357 4480 ntulto
382 4409 567 4481 obscurius
589 4421 640 4479 est
655 4404 813 4501 Sibyllae
835 4403 947 4475 iuliis:
972 4403 1033 4473 sed
1054 4418 1109 4477 ta·
1159 4418 1325 4500 stupent,
1364 4427 1405 4475 ac
1433 4428 1556 4475 rursus
1584 4405 1773 4489 dubitant,
1813 4431 1861 4478 an
1888 4432 1972 4480 casu
2001 4409 2149 4505 imperia

119 4536 204 4582 men
225 4510 310 4605 quid
335 4507 423 4581 otihi
448 4510 629 4594 videatur,
655 4506 811 4578 breviter
831 4505 958 4578 dicam.
1020 4504 1108 4578 t'uu
1159 4522 1365 4588 nascantur,
1409 4519 1443 4577 et
1473 4529 1596 4577 rursus
1625 4531 1707 4579 casu
1740 4508 1965 4593 dilabantur,
2005 4528 2048 4585 ut
2075 4514 2151 4587 sor-

118 4612 221 4683 Plato
244 4636 316 4683 esse
339 4615 459 4706 aliquo
483 4612 590 4682 modo
606 4612 711 4680 linem
726 4635 747 4679 a
762 4607 1107 4679 naturaordinatum
1159 4612 1330 4679 micarum
1360 4608 1533 4683 examina.
1597 4607 1671 4679 Nec
1697 4612 1855 4702 prolecto
1882 4612 2020 4683 tristius
2047 4616 2149 4701 illum

114 4715 361 4806 hesperiorum,
385 4715 476 4788 sieut
490 4715 528 4783 iu
541 4710 703 4795 Musiris,
726 4708 790 4781 ubi
805 4721 883 4801 post
897 4702 961 4781 διὰ
975 4715 1113 4784 noodr·
1159 4710 1396 4801 spectaculum
1428 4725 1500 4791 est,
1544 4734 1653 4803 quam
1684 4710 1816 4782 intueri
1843 4712 1927 4782 inde
1957 4734 2073 4809 usque
2105 4720 2150 4789 ab

117 4815 262 4891 alterius
285 4828 409 4887 natura
431 4842 506 4885 non
528 4813 765 4907 progreditur.
822 4808 881 4879 Fit
904 4823 1021 4881 autem
1042 4805 1106 4883 διὰ
1159 4810 1264 4883 initio
1309 4813 1431 4881 ruitsss
1478 4824 1530 4882 tot
1568 4812 1902 4884 florentissimorum
1945 4837 2151 4905 morum.

118 4921 250 4989 πασῶν
264 4917 394 4989 iuuetis
409 4913 473 4990 διὰ
489 4908 682 5009 τεσσάρων
697 4928 733 4984 et
748 4906 812 4985 διὰ
824 4906 941 4986 πέντε.
993 4908 1106 4985 Ilicet
1159 4911 1302 5003 Quanta
1331 4915 1445 4983 virtus
1471 4912 1541 4984 tuit
1562 4912 1715 4986 civitatis
1737 4911 1902 4987 Atticae?
1947 4914 2057 4991 Nunc
2077 4946 2150 5017 quo

119 5018 303 5090 coelestem
318 5044 498 5105 arcanam,
526 5032 560 5089 et
574 5017 742 5087 moralem
758 5037 897 5083 causatu
912 5014 1107 5104 coniungit.
1159 5016 1197 5084 in
1229 5014 1307 5086 loco
1336 5014 1468 5099 fuerit,
1500 5038 1574 5084 non
1602 5015 1686 5085 satis
1713 5015 1798 5089 sciri
1819 5030 1946 5110 potest.
1997 5017 2151 5116 Propter

118 5118 388 5216 Aliquantispet·
403 5122 509 5191 sentit
525 5119 620 5209 gigni
635 5120 748 5187 bonos
762 5131 796 5188 et
811 5128 1026 5207 praestantes
1041 5140 1106 5205 gu·
1159 5113 1251 5188 hanc
1264 5129 1396 5185 tantun
1410 5115 1614 5187 varietatem
1628 5136 1818 5189 eventuum
1833 5118 1946 5190 multa
1959 5122 2007 5194 de
2018 5126 2151 5199 mous

116 5224 341 5303 larnatores,
386 5247 539 5316 quor-usn
569 5218 698 5288 virtute
728 5231 916 5288 teneantur
948 5216 1106 5308 imperia,
1159 5217 1397 5299 mutationum
1424 5211 1637 5310 Philosophi
1666 5216 1929 5312 quaesiverunt.
1987 5222 2065 5297 Nec
2092 5252 2152 5301 ea·

116 5340 234 5415 postea
260 5325 307 5394 ait
334 5326 428 5394 etsist-i
455 5320 712 5412 languidiores,
739 5318 800 5412 qui
823 5318 889 5410 ipsi
912 5319 984 5388 suis
1006 5322 1105 5391 iuro·
1158 5318 1282 5413 plicari
1299 5342 1353 5389 res
1368 5318 1438 5388 nisi
1452 5319 1491 5389 iu
1504 5317 1856 5393 doctrinaEcclesiee
1869 5337 1997 5416 potest.
2043 5326 2151 5405 Plato
