4546 5760
99 176 176 262 167
893 165 1353 277 sueones-aurs·
1808 184 1817 193 ”
2058 176 2131 275 158

94 360 189 431 adeo
203 349 533 453 msrltinostcomm
546 351 641 430 banc
656 380 732 429 rem
746 356 843 433 adeo·
851 355 1089 451 pervestigans
1138 344 1216 422 Nec.
1234 345 1329 445 euim
1357 342 1451 439 mibi
1477 350 1733 447 autquiquam
1761 347 1970 441 bominum,
2007 379 2125 449 quan.

95 460 273 555 sollicite,
297 458 380 553 quis
392 460 557 533 omniurn
573 460 706 549 extitit,
721 458 784 555 qui
798 454 918 532 adbuc
930 460 989 536 vet
1001 482 1087 552 psod
1138 476 1244 547 quam
1268 452 1356 537 siim
1375 454 1525 541 verbum
1547 454 1623 539 Dei
1635 455 1833 529 excludere
1854 446 1963 549 regno
1987 446 2128 563 Christis

94 562 291 661 posasissst,
326 562 373 631 ad
397 560 595 655 principem
616 563 754 658 aliquid
777 556 845 633 bac
864 565 910 633 de
931 586 991 649 re,
1023 573 1087 633 aut
1137 577 1340 626 concessum
1363 569 1426 629 est.
1485 538 1705 629 At'nullum
1727 560 1877 630 verbum
1899 552 1996 655 quod
2018 560 2122 661 equi·

94 690 215 739 uorsus
228 660 366 749 verbis,
389 676 452 737 sut
470 665 599 735 absens
617 665 756 758 scriptis
772 664 922 754 deferre.
971 660 1087 759 Atqui
1138 656 1218 727 dem
1239 656 1367 741 stiam,
1400 670 1514 745 mal,
1542 662 1639 755 q⁰⁰d
1660 660 1711 734 51³
1735 684 1813 747 ⁸⁰⁸2
1845 662 1908 755 (11¹5
1932 662 1995 731 ¹³¹5
2017 654 2120 753 PM

94 768 201 839 sines
209 763 349 837 vocatio
365 788 431 837 nec
439 766 605 838 voluntas
619 780 672 841 est
683 766 885 857 corrigendi
892 768 990 861 quod
1005 790 1086 859 pee-
1135 758 1268 857 iactum
1285 760 1464 833 veteribus
1478 761 1778 855 dispensationem
1794 763 1863 835 sibi
1878 766 2122 857 usurpandam

95 882 216 953 catum
232 883 298 953 est,
313 890 383 960 qua
390 892 519 963 quaeso
528 869 720 961 dilectione
734 870 938 959 vestigatur,
948 869 1086 943 iudica.
1135 858 1356 943 existimant,
1381 864 1427 934 de
1447 864 1646 935 concubina
1659 866 1767 936 uxori
1790 865 2016 957 adiungenda
2031 890 2125 963 qua-,

94 986 164 1058 tur,
180 972 443 1055 condemnatur
455 972 749 1065 quodpeccatum
760 994 886 1049 rumor¹
898 982 1085 1043 tantumet
1135 962 1218 1033 liter
1234 964 1360 1057 scripsi
1378 964 1557 1037 consortio
1581 968 1682 1057 regui
1702 962 1837 1043 Christi
1863 968 1998 1055 eiiciat,
2030 967 2122 1040 sicut

94 1074 183 1147 mali
195 1066 381 1157 honines,
412 1072 476 1166 qui
496 1072 622 1155 alienis
637 1074 741 1143 malis
762 1072 832 1165 ipsi
850 1074 1084 1159 delectentur,
1134 1077 1228 1149 extat
1242 1067 1392 1138 verbum
1406 1070 1450 1139 de
1464 1068 1647 1140 eiiciendis
1661 1070 1932 1151 scortatoribus,
1956 1068 2124 1163 ebriosis,

94 1174 398 1271 qoemdmodllm
415 1172 583 1245 Scarabei
596 1188 751 1245 stercore
771 1198 813 1245 ex
834 1199 905 1270 quo
928 1198 1083 1265 mecum.
1133 1166 1420 1245 sorniedloribul.
1476 1168 1587 1263 Leges
1610 1170 1731 1241 civiles
1749 1169 1863 1265 ligant
1883 1169 2028 1267 quidem
2050 1166 2123 1267 lit)-¹

94 1291 173 1365 mr,
213 1274 266 1347 ita
285 1274 581 1347 etiamdeleetari
608 1275 707 1346 alios.
723 1277 872 1358 volunt,
905 1291 1080 1349 accusant.
1132 1268 1247 1339 mines
1269 1263 1497 1357 christianos,
1535 1272 1588 1344 uti
1621 1274 1727 1343 ctiam
1746 1274 2019 1357 consuetudines
2040 1278 2117 1345 non'

94 1378 185 1453 Cum
206 1376 327 1471 itaque
350 1399 426 1449 non
447 1377 623 1465 viderem,
654 1380 752 1472 quod
784 1372 870 1449 huie
902 1380 1018 1465 malo,
1051 1378 1082 1449 si
1133 1393 1198 1461 per
1212 1394 1249 1439 se
1263 1373 1397 1460 malae,
1409 1388 1446 1445 at
1460 1397 1534 1444 uon
1548 1374 1597 1446 ita
1614 1389 1655 1446 ut
1667 1374 1697 1445 si
1715 1376 1795 1469 quis
1807 1374 1885 1447 siue
1899 1376 2115 1455 contumelia

94 1481 242 1577 quidem
257 1478 451 1553 admissum
475 1478 539 1566 sit,
570 1502 634 1551 vos
657 1478 854 1573 remedium
874 1479 1001 1551 afferre
1025 1480 1081 1552 vel
1132 1471 1375 1543 remissionem
1405 1475 1563 1569 aliquam
1595 1476 1739 1547 illarum
1766 1477 1835 1549 sibi
1864 1476 2063 1569 permittat,
2094 1502 2116 1549 a

94 1582 232 1655 felictis
255 1580 314 1649 vel
334 1580 502 1673 possetis,
526 1580 636 1653 debui
656 1604 720 1653 vop
734 1582 780 1652 ab
802 1581 879 1653 eius
893 1582 1083 1674 investiga.-
1130 1570 1289 1645 Domino
1316 1576 1446 1647 sanclis
1473 1578 1560 1649 oiim
1587 1576 1783 1665 indubiam,
1823 1603 1906 1651 mox
1937 1580 2118 1671 impielale

94 1685 190 1759 [ione
214 1694 390 1767 avertere,
421 1704 498 1752 non
533 1683 572 1755 in
605 1706 683 1754 eam
713 1682 895 1759 inducere,
945 1681 1081 1779 Scripsi
1132 1676 1424 1749 condemnandus
1448 1678 1496 1751 sit
1516 1693 1551 1750 et
1572 1676 1813 1753 exturbandus
1833 1704 1853 1751 e
1873 1680 2015 1752 civitate
2034 1678 2119 1768 Dei..

94 1788 212 1883 {mque
227 1808 288 1868 ea,
312 1806 403 1877 quse
422 1784 509 1853 novi
529 1808 611 1856 vera
631 1808 705 1856 esse
729 1800 955 1875 argumenta,
978 1786 1081 1879 prin.
1131 1772 1241 1875 Venit
1263 1777 1468 1867 enimiilius
1482 1774 1652 1869 bominis,
1673 1797 1714 1854 ut
1728 1796 1912 1877 quaereret
1925 1799 1961 1856 et
1975 1783 2113 1853 salsum

94 1890 206 1983 ripem
230 1879 329 1956 haud
350 1910 529 1981 quaquam
551 1887 622 1957 tale
642 1888 777 1981 aliquid
799 1887 940 1971 secisse,
975 1888 1080 1982 quale
1129 1876 1276 1964 faceret,
1302 1883 1399 1975 quod
1416 1882 1532 1974 periit,
1581 1878 1647 1955 Est
1667 1909 1809 1979 quoque
1830 1885 1887 1955 sui
1905 1886 2049 1971 similit,
2073 1897 2116 1956 ul

94 2004 142 2063 ppt
167 1990 228 2073 id,
258 1986 356 2081 quod
379 1988 424 2057 de
442 2012 485 2057 eo
501 1985 637 2059 inimici
651 1984 840 2079 Evangelii
860 2003 1079 2082 sparserunt,
1130 1981 1229 2073 quod
1250 1981 1337 2051 olim
1363 1982 1403 2052 in
1431 1984 1560 2055 sanclis
1583 1984 1657 2056 Suis
1682 1988 1783 2073 iulii,
1812 1986 1925 2079 possit
1950 2000 1985 2059 el
2004 1982 2115 2059 hodie

94 2086 268 2165 voluistis
290 2111 347 2158 me
367 2112 514 2159 monere
532 2090 578 2161 de
598 2090 742 2161 sinistra
763 2106 887 2163 contra
906 2116 963 2161 me
983 2093 1078 2163 exci—
1128 2082 1221 2151 serre
1253 2082 1422 2179 ducitque
1452 2109 1536 2158 suos
1571 2111 1833 2184 nonnunquam
1866 2090 1925 2161 vis
1958 2088 2114 2174 insolita.

94 2206 161 2267 im
177 2192 292 2275 fama,
315 2190 369 2281 egi
384 2190 532 2281 gratias,
554 2192 748 2287 puramque
762 2216 825 2263 vos
842 2193 912 2263 iam
937 2194 1078 2266 functos
1130 2182 1307 2269 Quocirca
1322 2209 1386 2275 ego
1406 2186 1444 2256 in
1460 2188 1590 2261 tslibus
1603 2191 1710 2261 rebus
1726 2192 1849 2261 malim
1862 2192 1901 2261 in
1918 2191 2111 2263 iudicando

94 2294 208 2367 afficio
226 2303 361 2377 vestrm
386 2292 417 2361 si
434 2292 521 2387 quid
537 2294 728 2386 posuissem
743 2294 830 2363 citra
844 2308 979 2365 metum
995 2318 1077 2387 gm-
1128 2306 1229 2353 servo
1240 2286 1378 2358 domini
1392 2288 1597 2361 remissione
1613 2304 1649 2365 ct
1663 2294 1831 2365 facilitate
1845 2317 1989 2387 peccare
2004 2296 2111 2387 quarn

94 2398 200 2469 rioris
215 2392 444 2478 offendiculi,
468 2394 538 2463 iam
553 2396 668 2485 pelam
682 2418 739 2463 me
755 2418 969 2486 purgassem,
1128 2388 1313 2461 severitate
1347 2404 1382 2461 et
1406 2390 1531 2464 iudicii
1564 2394 1872 2484 praecipitationc3
1906 2415 2111 2489 quanquam

200 2494 258 2567 De
274 2494 404 2587 scripto
422 2497 519 2589 quod
533 2497 647 2567 fertur
668 2496 836 2568 soliorum
850 2500 901 2573 66
929 2522 1025 2584 esse,
1045 2498 1075 2585 pi
1127 2489 1212 2582 quid
1231 2492 1364 2582 peccati
1386 2507 1540 2565 metuam
1562 2494 1601 2565 in
1621 2498 1870 2589 suspendendo
1886 2495 2040 2577 iudicio,
2066 2498 2111 2565 de

94 2596 175 2695 quid
197 2596 286 2669 certi
311 2590 469 2683 babetis,
502 2599 581 2668 date
614 2622 777 2691 operam,
809 2612 850 2671 ut
875 2600 1075 2693 exemplum
1126 2614 1198 2683 quo
1216 2593 1357 2663 nullum
1373 2590 1464 2666 mibi
1481 2596 1627 2691 quidem
1644 2600 1792 2669 verbum
1807 2612 1911 2675 extet.
1961 2594 2111 2689 Episco-

94 2700 190 2773 vobis
210 2699 393 2789 contingat
411 2698 485 2769 eius
499 2699 641 2792 scripti,
666 2713 702 2772 et
721 2700 851 2772 mittite
872 2703 918 2772 ad
939 2726 1016 2788 me3
1045 2704 1075 2771 si
1127 2716 1210 2785 pos,
1232 2691 1461 2791 Presbyteros
1484 2713 1519 2769 ct
1535 2697 1733 2787 Diaconos,
1758 2702 1789 2770 si
1813 2700 1899 2795 quid
1925 2700 1995 2771 tale
2016 2698 2109 2769 desi-

94 2800 339 2873 neumfuerit
362 2794 657 2894 haudquaquam
681 2806 829 2893 negabo.
880 2802 951 2875 Sed
978 2806 1076 2898 quod
1125 2810 1274 2883 gnarent
1281 2849 1293 2883 ,
1308 2800 1467 2871 muneris
1479 2795 1587 2872 buius
1601 2802 1784 2873 iunctione
1800 2802 2016 2887 deiiciendos
2028 2825 2110 2871 curn

94 2904 278 2977 lesendam
298 2902 393 2973 istud
416 2900 574 2989 facinus,
607 2904 772 2997 equidem
794 2905 936 2977 nullum
950 2907 1073 2998 scripsi
1125 2892 1171 2969 D.
1194 2888 1319 2967 Leone
1348 2899 1425 2971 sine
1447 2904 1614 2995 scrupulo
1641 2926 1840 2991 censerem,
1871 2918 1908 2975 at
1929 2898 2110 2975 Ecclesiae

94 3017 147 3077 rut
170 3002 379 3097 subscripsi.
430 3000 513 3076 Scio
531 3003 727 3077 Dominum
754 3006 793 3076 in
819 3031 915 3077 novo
939 3008 1073 3100 populo
1123 2993 1192 3068 Dei
1207 3001 1448 3101 praescribere
1459 3017 1530 3075 tarn
1548 3028 1624 3075 non
1645 3006 1777 3091 ausim,
1802 3029 1909 3099 quam
1930 3006 1992 3074 ille
2009 3028 2108 3073 seve-

94 3106 281 3179 metituisse
308 3106 589 3197 monogamiam,
622 3121 658 3179 et
689 3109 817 3178 debere
850 3134 924 3181 non
956 3111 1073 3181 solum
1123 3122 1185 3169 rus
1204 3100 1340 3196 alioqui
1364 3101 1528 3177 Pontifex
1551 3128 1656 3178 ausus
1679 3107 1856 3194 nonfuit,
1880 3121 2014 3201 quanto
2037 3104 2108 3175 mi-

94 3204 283 3303 iipiscopos
297 3220 333 3279 et
346 3204 544 3293 Diaconos,
570 3232 661 3302 quos
676 3207 809 3279 Paulus
823 3212 917 3282 solos
933 3236 1073 3305 repres-
1123 3224 1192 3271 nus
1209 3204 1419 3297 principem.
1469 3206 1740 3280 Valentinianus
1757 3210 1893 3303 primus
1913 3207 2030 3303 palam
2054 3208 2134 3276 al-.

94 3310 146 3397 tit,
170 3334 258 3383 cuns
275 3306 469 3381 Ecclesiae
484 3304 626 3379 ludaeis
648 3322 684 3382 et
705 3312 870 3401 gentibus
889 3314 1073 3385 venientes
1127 3316 1239 3375 leram
1262 3331 1409 3377 uxorem
1437 3308 1558 3396 duxit,
1589 3312 1772 3405 legemque
1803 3310 2016 3403 publicatam
2043 3332 2108 3400 per

94 3412 292 3509 ¹solygamos
310 3412 501 3504 reciperet,
532 3411 594 3481 sed
616 3412 813 3504 quamlibet
835 3414 941 3485 etiam
964 3412 1073 3485 Chri.
1122 3402 1311 3496 imperium
1336 3409 1489 3480 liberum
1510 3412 1678 3483 omuibus
1705 3414 1790 3485 fecit
1816 3414 1912 3483 idern
1939 3412 2107 3495 faciendi,

94 3516 239 3587 sianum
253 3512 362 3585 unius
376 3526 514 3584 tantum
528 3513 649 3585 uxoris
661 3513 779 3583 virum
794 3538 881 3600 esse,
896 3515 950 3585 uti
965 3514 1072 3588 initio
1122 3518 1241 3576 lamen
1270 3502 1365 3578 nihil
1393 3534 1414 3579 a
1440 3512 1570 3585 sanclis
1601 3514 1765 3607 patribus
1790 3537 1906 3608 neque
1939 3512 2106 3583 familiari

94 3614 351 3691 „stimonium
373 3612 552 3685 Dominus
574 3614 747 3701 instituit,
781 3616 847 3687 uni
866 3619 941 3689 viro
960 3641 1071 3688 unam
1121 3604 1177 3675 illi
1187 3600 1225 3703 *)
1245 3604 1436 3683 Ambrosio
1459 3626 1583 3685 contra
1607 3640 1688 3687 sum
1708 3614 1879 3708 scriptum
1894 3615 2103 3685 aut'factum

94 3718 282 3791 nulicrcm.
331 3713 492 3811 Cumque
508 3712 686 3787 Dominus
706 3718 827 3803 dedit,
852 3730 892 3789 ut
913 3742 988 3789 non
1010 3744 1070 3791 ³0-
1120 3706 1287 3799 legimus,
1310 3724 1353 3784 ut
1366 3724 1484 3785 tamen
1502 3714 1596 3787 idem
1612 3713 1825 3788 Ambrosius
1846 3730 1968 3787 contra
1981 3711 2104 3786 Tben-

94 3844 153 3891 nur
176 3818 313 3891 multas
332 3840 459 3889 uxores
480 3817 585 3888 simul
605 3814 753 3905 babere,
775 3820 836 3890 sed
859 3820 966 3893 etiam
981 3846 1069 3891 eon.
1120 3810 1262 3881 dosium
1277 3812 1471 3886 decrevisse
1491 3840 1532 3887 ac
1547 3818 1669 3889 iecisse
1686 3820 1832 3910 legitur,
1858 3844 1938 3889 cum
1962 3820 2103 3888 caedem

94 3922 250 3995 ubinam
282 3943 364 3991 cum
394 3943 505 3990 uxore
532 3919 669 4010 legibus
695 3921 837 4011 piorum
866 3922 1068 4014 principum
1120 3911 1181 3982 ille
1205 3907 1478 3989 Thessalonicae
1497 3920 1705 3996 admisisset.
1754 3919 1950 3995 Revocavit
1975 3916 2103 3989 Domi·

94 4036 277 4109 mmm,
299 4021 386 4092 novi
402 4010 566 4093 nosti-1⁴11„
583 4044 656 4091 eme
676 4046 792 4117 neque
807 4036 967 4095 veterum
995 4025 1069 4093 dis.
1119 4036 1205 4099 nus,
1235 4014 1366 4099 fateor,
1390 4019 1565 4091 rationem
1582 4022 1739 4113 coniugii
1753 4024 1796 4092 ad
1811 4022 2026 4115 primaevam
2045 4022 2103 4090 in-

94 4122 325 4197 censationem
349 4137 520 4215 repetere.
568 4121 658 4193 Nam
687 4148 761 4193 non
783 4125 898 4197 solum
923 4148 1068 4195 revoca.
1118 4114 1358 4205 stitutionem,
1394 4144 1474 4193 cum
1496 4136 1614 4213 ageret
1632 4126 1678 4193 de
1696 4126 1871 4211 divortio;
1898 4124 2002 4195 initio
2028 4147 2104 4193 non

94 4250 154 4299 um
170 4226 265 4297 illud
289 4224 458 4296 eximium
471 4220 650 4296 Ecclesiae
667 4242 916 4298 ornamentum
937 4252 1067 4297 mono·
1117 4216 1266 4303 erabilis,
1292 4220 1420 4315 inquil·
1469 4220 1549 4295 Hoc
1564 4225 1717 4296 libenler
1731 4226 1813 4296 volo
1829 4226 1947 4295 valere
1962 4237 1997 4295 ei
2014 4248 2100 4293 con-

94 4328 232 4413 ,urnism
247 4349 476 4412 conservare,
492 4350 616 4397 verum
633 4325 739 4397 etiarn
756 4352 880 4420 parere
897 4352 962 4399 nos
978 4353 1066 4399 con.
1119 4331 1171 4388 tra
1186 4320 1433 4415 polygamiam.
1483 4323 1534 4397 At
1555 4350 1636 4396 cum
1660 4352 1734 4397 non
1750 4328 1891 4398 abiiciat
1907 4341 2024 4398 tamen
2032 4378 2044 4411 ,
2071 4326 2100 4395 si

94 4430 177 4505 enit
197 4428 301 4501 omni
328 4424 504 4515 bumanae
532 4429 798 4515 constitutioni,
836 4454 926 4525 quae
955 4430 1066 4523 impia
1116 4444 1186 4513 que
1199 4445 1264 4511 per
1278 4422 1517 4495 infirmitatem
1532 4428 1686 4501 divortio
1703 4431 1852 4500 liberius
1865 4454 1977 4521 aequo
1994 4443 2101 4499 utan-

94 4532 233 4631 tonpit.
286 4526 357 4601 lsta
377 4533 486 4601 doceo
511 4530 651 4621 publice
674 4545 706 4602 et
729 4532 909 4623 privatim.
962 4528 1012 4605 At
1034 4533 1066 4603 ri
1116 4535 1191 4608 tur,
1206 4523 1243 4591 id
1258 4524 1364 4594 etiam
1382 4527 1511 4598 sanctis
1525 4530 1684 4619 patribus
1699 4530 1986 4623 agnoscentibus,
2011 4530 2098 4623 quid

94 4634 156 4728 [uis
171 4634 244 4704 sibi
258 4645 388 4724 putans
401 4656 523 4704 causas
535 4655 626 4713 csse,
652 4646 714 4703 aut
727 4647 761 4704 et
775 4634 845 4704 sibi
860 4630 968 4704 hodie
988 4636 1062 4705 dis.
1116 4645 1275 4693 censeam
1293 4627 1337 4695 de
1352 4629 1550 4701 concubina
1567 4633 1616 4703 ita
1630 4634 1796 4704 adiuncta
1812 4646 1852 4703 ut
1865 4655 1983 4701 casum
1998 4656 2100 4721 prae-

94 4736 323 4807 ensationem
348 4734 525 4805 veteribus
553 4757 752 4804 concessam
773 4736 890 4806 valere
920 4750 1065 4819 statuat,
1114 4724 1222 4795 misi?
1253 4750 1319 4797 nee
1342 4730 1519 4822 quaelibet
1546 4736 1703 4825 aprima
1728 4758 1846 4802 renim
1875 4734 2099 4803 institutione

94 4860 187 4933 aque
209 4848 350 4922 utatur,
374 4834 404 4905 si
427 4836 458 4905 is
479 4837 588 4906 modo
605 4832 783 4907 Ecclesiae
804 4851 924 4907 caveat
944 4842 989 4909 de
1006 4840 1062 4908 ol·
1113 4826 1228 4899 Sillim
1243 4843 1417 4901 extorrem
1430 4831 1515 4906 lacit
1528 4859 1549 4903 a
1564 4858 1673 4925 regno
1689 4833 1768 4909 Dei.

94 4938 278 5022 mdiculo,
303 4940 398 5030 quod
416 4937 454 5006 in
474 4937 551 5030 ipso
565 4960 639 5007 esse
655 4950 775 5033 queat,
801 4964 866 5011 nec
889 4940 926 5009 id
944 4964 1061 5031 perse

94 5040 180 5113 icere
193 5038 433 5135 omnibusque
448 5062 650 5109 concessum
668 5064 741 5109 esse
754 5026 963 5126 conte'mlst,
978 5068 1059 5113 etim
1212 5032 1282 5104 1⁵1³
1300 5047 1336 5106 ‘l
1349 5034 1498 5119 Similia,
1525 5062 1605 5109 tum
1620 5054 1719 5111 ortus
1735 5053 1821 5110 esset
1837 5054 1956 5111 contra
1973 5038 2094 5109 Land-

94 5166 136 5233 go
163 5142 194 5213 sl
220 5142 371 5211 allirmet
394 5142 464 5212 sibi
487 5142 543 5211 sui
564 5142 704 5211 consilii
727 5159 761 5214 et
784 5146 1057 5215 factitationem
1110 5134 1269 5221 gravium
1293 5160 1431 5223 rumor,
1462 5162 1542 5209 cum
1564 5166 1637 5211 uno
1660 5158 1693 5213 et
1714 5144 1825 5213 altero
1848 5146 1955 5213 fratre
1970 5143 2092 5233 ‹lispu-

94 5268 190 5315 orarn
204 5241 283 5314 Deo
299 5257 482 5331 constare,
496 5267 680 5337 nunquam
694 5246 806 5313 ausim
823 5248 1059 5321 condemnare
1182 5292 1301 5307 ------

94 5346 284 5441 miliani&
317 5358 378 5418 ³⁰1
401 5360 575 5419 θΧῑθΠθΠΙ
599 5368 709 5437 regno
730 5344 864 5420 Christi
890 5348 1057 5423 iudicare·
1143 5376 1174 5441 ¹⁸)
1189 5374 1350 5445 [aurilionis
1366 5380 1413 5433 illo
1431 5378 1511 5436 babet
1523 5384 1711 5456 spograpbon,
1731 5384 1805 5457 quod
1819 5384 1981 5441 mendosum
1995 5395 2073 5457 puto.
