4546 5760
126 152 202 259 su
718 171 1141 276 Quaasrtotvus
1181 177 1581 262 acaneuvcau
2091 181 2164 260 su

121 347 288 434 culosiur,
311 372 383 444 quo
399 359 435 419 et
446 345 617 419 biliosum
632 345 673 418 in
688 373 836 445 corpore
850 364 1111 424 excrementum
1166 374 1208 421 eo
1224 350 1314 421 facio
1335 349 1524 436 libentius,
1549 363 1591 421 ut
1611 347 1771 421 iuniores
1787 374 1913 422 senum
1929 350 2092 447 exempla
2107 353 2162 423 in·

121 452 298 546 copiosius
314 465 396 523 ante
413 451 600 523 collectum
614 452 733 540 luerit,
758 469 793 525 et
807 454 944 549 hepatis
960 458 1113 546 languor
1165 465 1324 537 tuentes,
1349 453 1459 543 magis
1476 467 1596 523 ament
1612 453 1719 543 leges·

122 555 204 649 plns
230 554 397 640 creverit,
422 568 456 624 et
481 552 647 624 intestina
675 570 798 628 tenero
828 581 934 628 sensu
963 559 1114 629 delicata
1268 554 1368 625 Sicut
1387 555 1495 645 igitur
1516 555 1685 626 usitatum
1707 568 1777 640 est,
1803 554 2063 646 Quaestionem
2080 582 2162 651 pro-

122 657 323 727 erosionem
343 655 485 746 gravius
507 657 667 730 tulerint.
725 657 864 731 Caeteri
887 662 1023 732 fructus
1046 660 1115 728 irn-
1165 681 1315 750 ponam,
1341 659 1384 726 de
1401 681 1470 750 qua
1488 660 1553 728 etsi
1570 658 1769 748 amplitudo
1784 682 1908 729 causae
1922 660 2068 751 longam
2082 684 2162 731 ura-

121 759 272 845 maturi,
297 758 336 828 in
352 759 481 852 quibus
495 782 620 829 succus
640 782 773 854 aqueus
793 788 872 834 cum
890 764 981 833 sicco
999 779 1112 835 terreo
1167 760 1299 831 tionem
1316 760 1490 848 postulat,
1516 773 1633 829 tamen
1651 781 1714 849 ego
1734 760 1878 830 brevior
1892 787 1970 833 ero:
1993 758 2161 856 quiahoc

123 863 285 932 nondum
308 862 419 952 probe
443 861 627 943 subactus,
661 877 698 934 et
725 888 791 934 nec
814 865 931 935 calore
952 866 1037 935 solis
1062 877 1115 934 est
1167 876 1324 951 ternpore
1342 862 1478 950 integra
1494 861 1678 952 explicatio
1693 862 1832 932 institui
1855 887 1929 933 non
1956 878 2088 956 potest:
2126 880 2160 938 et

124 976 338 1042 maturatus,
386 961 510 1031 eodem
549 965 656 1033 modo
696 968 889 1039 crudorum
929 991 1113 1038 succorum
1166 978 1285 1033 tamen
1302 963 1593 1033 commonefartio
1610 963 1709 1034 utilis
1726 977 1790 1034 est.
1829 962 1873 1033 ln
1889 980 2012 1037 nostra
2027 967 2160 1040 vicinis

124 1065 389 1135 coacervatione
419 1064 603 1135 materiam
631 1068 819 1158 praebent,
853 1094 893 1140 ac
913 1071 1113 1140 lomentum
1166 1064 1466 1135 Stenckefeldiani
1484 1059 1737 1136 Enthusiastae
1755 1066 2019 1154 vociferantur,
2042 1070 2159 1141 electis

125 1180 160 1236 et
183 1166 366 1258 putredini
394 1179 427 1235 et
457 1166 570 1237 fluxui
594 1169 827 1263 dysenterico.
888 1169 1114 1263 Quandoque
1166 1168 1400 1258 expectandos
1415 1189 1488 1235 esse
1501 1166 1643 1236 divinos
1656 1167 1807 1248 afflatus,
1825 1165 1917 1238 nihil
1933 1170 2031 1263 ipsus
2046 1195 2160 1262 agere,

124 1267 155 1340 si
178 1269 223 1337 ad
245 1268 408 1338 collectos
430 1282 532 1339 antea
549 1271 678 1341 crudos
693 1268 861 1343 humores
881 1267 920 1343 hi
936 1274 1114 1356 accedant,
1166 1271 1227 1337 sed
1253 1282 1337 1338 tunc
1360 1293 1439 1338 cum
1462 1292 1498 1337 se
1522 1269 1598 1360 rapi
1624 1269 1782 1340 sentiunt
1805 1271 1957 1358 invitos,
1984 1273 2160 1366 incipiant

123 1372 239 1440 febres
255 1371 461 1441 incendunt.
507 1369 734 1467 Quandoque
750 1377 793 1445 ad
809 1390 922 1446 cutem
940 1397 1114 1467 spargun-
1165 1371 1330 1439 invocare
1352 1366 1479 1440 Deum.
1518 1366 1573 1439 Ex
1603 1364 1669 1439 hac
1695 1369 1883 1443 Manichea
1904 1373 2159 1465 imaginatione

124 1489 184 1545 tur
198 1473 327 1542 exclusi
344 1497 407 1565 per
421 1496 528 1542 venas
542 1475 688 1544 naturae
703 1477 837 1568 impetu
852 1491 885 1548 et
900 1477 938 1546 in
953 1468 1114 1570 ἑξαγθή-
1166 1472 1331 1543 ἰηείἀυηῑ
1358 1472 1464 1542 mulli
1487 1472 1525 1540 ln
1548 1484 1734 1563 perpelutts
1760 1474 2020 1561 dubilationes,
2054 1477 2159 1550 mulli

123 1598 225 1668 ματα
245 1589 456 1666 erumpunt,
480 1575 537 1644 vel
554 1578 598 1646 ad
624 1600 733 1648 unam
755 1579 910 1673 aliquam
925 1580 1114 1672 depellun-
1166 1575 1257 1645 fiunt
1274 1569 1461 1666 prophani,
1487 1573 1674 1663 indulgent
1695 1575 1764 1644 sibi
1782 1578 1907 1661 securi,
1933 1591 1967 1647 et
1981 1580 2158 1652 dicuntae

124 1690 183 1747 tur
203 1690 358 1768 partem,
382 1698 489 1770 quant
507 1678 545 1746 in
563 1691 739 1750 tumorem
762 1682 938 1752 attollunt.
991 1679 1112 1770 Quare
1165 1690 1286 1768 raptus
1301 1677 1381 1746 illos
1397 1688 1593 1766 expectare3
1620 1670 1677 1744 his
1691 1701 1835 1769 oppono
1849 1679 1984 1749 dictum
2001 1678 2157 1752 Nazian-

124 1800 250 1867 magna
277 1802 361 1848 cura
383 1777 567 1849 vitandum
597 1803 696 1849 esum
719 1784 905 1852 crudorem
932 1784 1111 1854 fructuum
1164 1778 1260 1847 zettl:
1295 1775 1426 1848 Omnis
1442 1779 1553 1847 vlrltts
1570 1776 1679 1849 aDeo
1696 1792 1765 1858 esi,
1791 1780 1897 1850 delur
1915 1793 2035 1852 attium
2053 1783 2157 1856 luvo-

124 1874 304 1964 eaislimo,
328 1894 362 1950 et
383 1881 488 1950 nohis
508 1881 626 1973 pueris
639 1907 680 1951 eo
697 1884 826 1974 magis,
850 1887 948 1979 quod
964 1909 1110 1975 corpora
1164 1880 1326 1951 cantibus
1341 1895 1376 1950 et
1389 1881 1642 1954 annuentibus.
1687 1879 1756 1952 Sed
1776 1904 1900 1971 graeca
1916 1886 2026 1954 verba
2047 1888 2156 1978 magis

123 1997 242 2053 nostra
267 1996 377 2052 aetate
394 1977 510 2052 adhuc
528 1985 649 2055 mollia
666 1997 702 2055 et
722 2000 860 2071 tenera,
886 2001 920 2056 et
937 2013 978 2057 ex
995 1982 1111 2081 ἀδδη·
1164 1984 1346 2072 perspicua
1381 1995 1480 2052 sunt:
1524 1986 1601 2053 πᾶν
1632 1975 1676 2053 τὸ
1708 1977 2023 2079 κατορθούμενον
2052 1984 2155 2085 παρὰ

124 2080 244 2182 payle
262 2085 380 2153 crudis
396 2085 537 2176 impleta
552 2081 764 2158 humoribus
778 2114 817 2159 ac
830 2090 977 2171 defessa,
996 2078 1111 2159 offen·
1163 2083 1258 2155 θεοῦ
1273 2078 1349 2154 ἐστὶ
1354 2135 1367 2169 ,
1393 2079 1544 2156 δέδοται
1558 2076 1599 2155 δὲ
1614 2085 1692 2164 τοῖς
1711 2082 1953 2178 καλουμένας
1973 2085 2040 2160 καὶ
2056 2087 2155 2164 οὕτω

124 2188 258 2255 duntur
281 2186 437 2267 facilius,
471 2211 510 2256 ac
534 2188 764 2278 periculosius
787 2190 985 2262 laeduntur.
1038 2190 1106 2262 Sed
1161 2177 1324 2259 νεύουσι.
1379 2179 1550 2255 Moechus
1565 2209 1638 2255 raon
1655 2187 1796 2256 differat
1818 2188 2078 2280 poeniteutiam
2092 2195 2156 2264 dn·

124 2288 243 2381 quavi
259 2288 398 2382 inquies
414 2289 508 2357 succi
523 2291 645 2380 frigidi
663 2305 698 2363 et
721 2287 858 2362 humidi
875 2294 1108 2365 exulcerando
1163 2311 1228 2357 uec
1256 2287 1404 2358 senserit
1435 2287 1516 2356 illos
1537 2282 1829 2374 Enthusiasmos,
1862 2290 1994 2384 quihus
2021 2293 2155 2368 invitus

122 2403 194 2458 tam
216 2391 409 2479 periculose
430 2391 589 2463 sauciant
616 2393 803 2480 intestina,
832 2410 872 2465 ut
898 2412 933 2467 et
952 2412 1107 2465 ramenta
1162 2390 1432 2459 transformetur
1444 2390 1481 2458 in
1499 2390 1585 2459 serni
1602 2387 1734 2476 Deum;
1759 2393 1819 2460 sed
1834 2393 2003 2463 omittens
2017 2397 2155 2469 adulte·

122 2490 275 2580 insignia
301 2517 340 2561 ac
363 2492 508 2561 lacinias
533 2494 708 2584 pelliculis
728 2500 907 2582 deterant,
933 2513 966 2568 et
983 2498 1109 2567 caloris
1162 2491 1275 2576 risam,
1302 2505 1397 2581 petat
1411 2514 1448 2560 se
1462 2516 1481 2561 a
1497 2490 1574 2563 Deo
1590 2491 1723 2575 iuvari,
1746 2505 1780 2562 et
1794 2493 1919 2562 dolens
1937 2519 2013 2565 non
2033 2497 2154 2569 indul·

121 2593 261 2662 febrilis
285 2617 425 2663 sensum
459 2590 645 2679 invehant,
681 2610 717 2666 et
750 2614 941 2689 provocent
974 2614 1107 2670 tantam
1162 2593 1489 2684 gualdisftdentiae,
1517 2595 1578 2662 sed
1595 2617 1681 2662 voce
1698 2589 1886 2683 Evangelii
1909 2617 1946 2666 se
1969 2611 2153 2677 sustentet.

64 2731 68 2741 ·
122 2696 305 2784 sanguinis
328 2696 577 2786 eruptionem?
612 2694 849 2789 Respondent
883 2698 963 2770 Son
986 2702 1109 2785 suavi,
1161 2693 1230 2764 Hic
1251 2697 1339 2763 ordo
1363 2694 1527 2784 congruit
1547 2697 1591 2764 ad
1614 2696 1833 2781 doctrinam,
1859 2722 1952 2792 quae
1974 2700 2075 2772 iubet
2094 2726 2153 2772 or-

121 2820 185 2866 nec
202 2798 317 2887 primo
333 2800 451 2866 statim
466 2822 613 2867 occursu
631 2793 698 2869 hoc
714 2801 890 2886 elliciunt,
912 2805 971 2871 sed
988 2817 1110 2895 putre·
1162 2796 1231 2864 diri
1253 2795 1532 2867 Cuuvuruluuum
1555 2821 1575 2865 u
1600 2798 1709 2867 verbu
1733 2797 1816 2884 Del,
1851 2815 1884 2869 ul
1906 2817 2027 2891 pult-'ru
2053 2805 2152 2873 auxl-

122 2899 206 2967 dine
228 2899 397 2990 corrupti.
455 2898 546 2968 Nam
575 2903 663 2971 dum
693 2902 853 2992 largioris
878 2918 912 2973 et
934 2906 1109 2975 crudiuris
1161 2898 1262 2966 llum·
1314 2898 1566 2991 ltleu,dlullu¹'2
1603 2897 1747 2988 Quuulu
1776 2902 2152 2990 mugl⁸Pule¹¹vu⁵ler

120 3002 216 3070 succi
230 3000 331 3091 copia
346 3002 498 3071 calorem
511 3004 671 3072 nativum
687 3006 786 3095 prius
809 3006 1016 3096 languidum
1032 3031 1108 3075 am.
1161 3000 1318 3068 coelestis
1339 3001 1439 3070 dabit
1455 2998 1628 3090 Spiritum
1651 3016 1812 3072 sanctum
1826 3005 2046 3093 petentibus;
2079 3032 2151 3077 non

78 3138 82 3145 ·
119 3102 214 3195 plius
229 3098 413 3188 hebetant,
437 3106 580 3174 tandem
595 3106 641 3174 ab
656 3129 698 3175 eo
714 3107 876 3178 destituti
898 3122 933 3180 et
950 3108 1107 3180 conclusi
1161 3101 1294 3194 inquit:
1324 3103 1620 3192 repugnantibus,
1647 3117 1681 3173 ul
1705 3103 1742 3173 iu
1762 3102 1938 3195 Epicurea
1963 3110 2149 3181 securitate

119 3204 280 3299 undique
301 3205 416 3274 calore
439 3208 670 3278 exardescunt
691 3208 808 3277 alieno
831 3222 865 3281 et
888 3224 1106 3301 putrescunt..
1159 3204 1423 3293 expectantibus
1437 3198 1719 3296 Euthusiasmos.
1755 3204 1891 3296 Regula
1905 3207 2150 3297 igiturtenea-

40 3376 43 3383 ,
120 3304 189 3377 Sed
207 3320 298 3376 aetas
321 3308 441 3376 nost'ra
456 3330 521 3378 nec
546 3309 636 3398 capit
657 3333 722 3378 nec
741 3311 938 3405 assequitur
953 3314 1107 3404 explica·
1159 3320 1234 3376 lut:
1259 3302 1589 3376 Audieulesvucem
1605 3305 1757 3396 Legisti
1774 3303 1974 3399 Evangelii,
2000 3312 2149 3385 velimus

120 3408 253 3478 tionem
270 3409 536 3480 accuratiorem.
576 3409 695 3500 Quare
707 3406 951 3483 Clarissimum
966 3413 1010 3485 D.
1028 3415 1108 3485 Do·
1159 3408 1410 3488 obedientiam,
1436 3409 1842 3498 ulpelufflusuuulllum·
1876 3409 2149 3508 Siculludpu·

120 3504 251 3579 ctorem
265 3524 466 3581 reverenter
481 3536 564 3596 oro,
588 3528 629 3584 ut
642 3513 815 3585 eruditius
837 3540 914 3585 eam
937 3530 970 3588 et
985 3508 1108 3612 copio—
1159 3511 1291 3604 calypsi
1309 3509 1459 3580 dicitur:
1494 3509 1557 3580 Sto
1576 3513 1617 3580 ad
1639 3507 1794 3582 hostiurn
1816 3526 1850 3584 et
1868 3514 1991 3603 pulso,
2015 3517 2044 3586 si
2071 3517 2148 3612 quis

118 3611 191 3681 sius
208 3613 428 3684 auditoribus
444 3615 603 3708 explicet,
653 3613 748 3685 Dixi,
1159 3614 1259 3680 audit
1285 3636 1404 3680 vocem
1427 3635 1561 3697 meam,
1586 3626 1620 3683 et
1642 3614 1756 3705 aperit
1779 3614 1944 3704 ianuam,
1968 3617 2150 3709 ingrediar

1159 3714 1313 3783 adeum.

1251 3814 1320 3885 Sed
1339 3830 1459 3885 contra
1477 3815 1656 3906 disputant
1673 3813 1934 3904 Euthusiastae,
1960 3819 2148 3894 Mortuum

1158 3911 1251 3987 nihil
1279 3919 1368 4010 agit,
1400 3919 1563 3987 voluntas
1593 3916 1747 3989 humana
1777 3935 1826 3990 est
1856 3936 2015 4008 mortua,
2054 3921 2146 3996 nihil

883 4026 1107 4115 (an,1557,?)
1158 4019 1268 4109 igitur
1291 4021 1379 4111 agit;
1412 4033 1447 4089 et
1471 4021 1630 4092 radientur
1649 4022 1846 4092 similitudo
1871 4025 1915 4093 de
1937 4025 2032 4111 luto,
2058 4051 2148 4123 quae

888 4125 1101 4161 Μ
1156 4122 1195 4189 in
1222 4123 1334 4212 capite
1354 4120 1390 4192 9.
1415 4122 1459 4189 ad
1485 4118 1669 4193 Romanos
1696 4125 1875 4196 recitatur.
1938 4125 2070 4199 Fateor
2095 4152 2147 4200 tne

187 4238 217 4292 tn
234 4236 331 4292 select.
345 4235 470 4291 nectam.
484 4235 518 4292 Τ.
531 4235 580 4292 tlt.
595 4236 680 4310 pust
694 4255 755 4310 sqq.
796 4235 983 4296 serveecttt.
1002 4240 1104 4312 past,
1156 4215 1249 4292 hauc
1262 4237 1393 4295 tantam
1411 4225 1652 4316 quaestionem
1667 4250 1741 4294 vion
1754 4250 1855 4317 posse
1868 4228 2062 4320 explicare,
2088 4233 2146 4301 sed

220 4307 349 4362 metram
360 4306 395 4360 Τ·
409 4305 458 4363 ¹¹¹·
475 4324 504 4380 Ρ·
519 4306 580 4363 ⁵⁰¹·
1156 4338 1275 4393 tamen
1297 4326 1395 4393 illavn
1426 4321 1711 4418 prophanitatem
1734 4330 1779 4397 de
1800 4343 1903 4419 raptu
1927 4335 2146 4422 expectando

1156 4427 1305 4517 probare
1319 4453 1392 4496 non
1409 4451 1568 4518 possum,
1592 4427 1808 4501 Remoratnr
1829 4431 1923 4500 enim
1940 4435 2147 4506 conversio·

1156 4551 1237 4596 rrevn
1254 4543 1286 4599 et
1301 4530 1473 4621 extinguit
1488 4531 1776 4612 consolationem,
1802 4549 1835 4605 et
1851 4535 1997 4605 abducit
2011 4552 2146 4610 urentes

1154 4655 1174 4699 a
1197 4632 1306 4700 verho
1329 4629 1415 4714 Dei,
1437 4634 1481 4702 ad
1506 4637 1743 4726 quaerendam
1764 4650 1920 4705 nostram
1944 4638 2146 4725 puritatem,

1154 4756 1234 4802 cum
1254 4731 1361 4804 Fides
1381 4735 1522 4805 accedat
1548 4739 1592 4804 ad
1616 4732 1732 4806 Deum
1754 4737 1863 4807 verbo
1891 4739 2034 4826 innixa,
2072 4763 2145 4811 non

116 4815 310 4922 Utrunque
333 4854 390 4898 me
414 4842 573 4898 senectus
595 4829 714 4909 docet,
740 4839 774 4896 et
797 4829 1005 4900 modestiam
1028 4852 1102 4904 esse
1153 4849 1293 4907 nostrae
1310 4837 1469 4927 puritati.
1521 4835 1658 4908 Usitata
1673 4852 1723 4908 est
1744 4838 1856 4932 igitur
1871 4866 1938 4910 vox
1959 4844 2145 4914 universae

108 4932 209 5000 inter
228 4930 317 4999 alios
337 4932 513 5001 doctiores
537 4943 668 5013 tacere,
698 4929 727 4999 si
750 4930 871 5014 liceat,
900 4949 934 5004 et
955 4932 983 5000 si
1008 4933 1100 5022 leges
1152 4939 1281 5007 veteris
1311 4935 1506 5021 Ecclesiae,
1543 4942 1772 5031 praecedente
1806 4945 1918 5028 gratia
1950 4945 2145 5019 eomitante

113 5034 279 5118 iubeant,
305 5034 436 5102 iustum
451 5032 606 5100 officinm
622 5054 694 5100 esse
710 5035 965 5122 obtemperare.
1015 5032 1098 5106 Non
1150 5038 1346 5121 voluntate,
1398 5038 1451 5111 De
1478 5037 1543 5112 hac
1568 5043 1647 5112 utili
1678 5045 1900 5135 quaestione,
1932 5072 1998 5117 oro
2022 5046 2144 5122 Reve-

113 5137 222 5226 igitur
243 5135 419 5205 iudicetur
434 5134 653 5224 impudentia
671 5156 761 5219 esse,
783 5138 878 5228 quod
894 5135 933 5205 in
948 5131 1013 5207 hac
1027 5137 1100 5207 sre-
1151 5144 1301 5211 rendum
1323 5144 1440 5213 virum
1467 5136 1627 5212 Paralum
1653 5141 1837 5227 Eherum,
1868 5163 1980 5218 astrue
2002 5165 2038 5218 et
2056 5152 2143 5221 alios

112 5237 257 5334 quentia
280 5239 500 5307 eruditorum
521 5236 771 5305 addicendum
793 5239 945 5329 prodeo,
970 5239 1031 5309 sed
1046 5239 1099 5309 le·
1150 5243 1288 5325 doceat,
1313 5260 1348 5316 et
1365 5247 1435 5314 iam
1449 5247 1679 5317 fundamenta
1695 5248 1941 5339 explicationis
1957 5267 2142 5341 monstret,

110 5362 195 5430 gum
216 5339 399 5412 autoritati
419 5362 542 5433 parere
564 5361 621 5409 me
636 5339 803 5429 cogitate:
837 5340 935 5435 quod
951 5341 1097 5437 quidem
1149 5358 1190 5417 nt
1203 5346 1420 5419 dubitationi
1433 5363 1575 5422 nostrae
1588 5351 1781 5427 medeatur.
1830 5348 1927 5425 Dixi.

124 4120 296 4149 Μ

116 4463 298 4559 Quaestio
310 4477 504 4566 proposito
522 4473 608 4544 oD.
627 4469 924 4546 Bulthusurn
946 4476 1104 4549 Neon-

116 4575 220 4683 ὀνο,
246 4575 401 4649 docente
424 4583 656 4676 iuventutem
671 4577 891 4650 literarium
912 4583 953 4651 iu
972 4576 1103 4652 artata

458 4681 756 4752 Ventisluvieusi.
