4546 5760
111 191 189 271 soa
510 119 1677 284 ,annosumnrnnnvns'concrottus.
1831 286 1835 291 ,
2081 196 2158 274 sco

107 379 160 442 est
174 363 416 459 probandum.
444 360 644 435 Monstrat
659 378 741 457 apte
757 357 1003 451 cohaerentia,
1030 364 1109 434 vio·
1161 360 1291 436 talibus
1318 365 1425 451 locis,
1459 364 1529 436 nisi
1560 361 1713 435 multum
1737 386 1777 436 ao
1798 362 1861 437 diu
1883 365 2091 444 exercitatus
2112 372 2153 444 ln

105 471 227 543 lenter
258 467 449 537 coniuncta
483 466 633 542 divellit.
696 464 835 537 Horam
866 464 959 539 nihil
995 480 1109 555 potest
1158 465 1364 540 malacum,

103 567 275 670 quamvis
302 566 507 658 ingeniosus
537 563 644 638 homo
669 584 751 661 apte
772 569 886 640 facere
909 569 948 638 in
970 570 1109 639 difficili
1249 569 1347 660 Quid
1364 567 1640 640 Iurisconsultus
1656 568 1694 638 in
1707 569 1935 644 altercatione
1949 573 2080 646 forensi
2097 576 2152 648 fa·

102 671 351 748 controversia
377 672 455 742 sine
483 686 567 742 arte.
626 673 748 766 ltaque
776 667 877 741 Plato
902 671 1108 760 gravissime
1158 671 1246 758 ciet,
1270 673 1429 768 sineque
1445 671 1582 763 partiri,
1609 695 1723 766 neque
1740 666 1898 759 delinire,
1924 700 2039 772 neque
2057 679 2149 750 male

100 777 219 860 dixit,
243 797 352 845 unam
368 769 462 843 hanc
477 773 628 844 docendi
645 798 685 843 ac
701 773 860 844 discendi
876 773 989 858 viam,
1015 797 1106 868 quae
1157 768 1382 846 cohaerentia
1415 773 1611 843 diiudicare
1645 774 1753 844 sciet?
1803 772 1932 846 Nonne
1968 781 2150 853 videbitur

101 889 145 959 in
164 881 358 957 Dialectica
383 877 555 961 traditur,
580 873 691 946 aDiis
716 875 977 945 immortalibus
992 878 1103 945 dona·
1156 873 1340 962 Camelus,
1371 891 1411 947 ut
1434 877 1554 961 aiunt,
1589 875 1745 945 saltans?
1783 875 1904 967 Quare
1929 881 1958 950 si
1981 882 2042 975 qui
2069 859 2149 975 per.

100 1007 272 1063 tamesse
292 982 413 1075 generi
438 974 615 1062 humano,
649 991 794 1069 propter
814 971 905 1047 hanc
930 1001 1103 1047 summam
1155 979 1278 1049 lectam
1292 980 1489 1049 doctrinam
1507 991 1685 1069 expetunt,
1713 970 1751 1048 hi
1768 981 1853 1051 dent
1869 980 1907 1050 in
1923 981 2048 1075 primis
2062 1009 2148 1079 ope-

100 1092 318 1169 utilitatem,
344 1097 384 1154 nt
400 1085 526 1151 docere
548 1076 712 1150 homines
736 1081 830 1150 inter
851 1103 887 1147 sc
910 1103 950 1149 ac
969 1081 1103 1149 discere
1154 1104 1242 1161 ram,
1272 1095 1312 1152 ut
1325 1080 1554 1152 Dialecticam
1571 1104 1645 1149 non
1661 1081 1776 1152 obiter
1790 1095 1957 1178 tanquam
1975 1085 2148 1177 fugientes

101 1204 271 1289 possent,
297 1188 391 1281 qnod
419 1183 579 1252 inomni
608 1183 677 1251 vita
700 1180 850 1251 maxime
865 1182 1101 1250 necessarium
1153 1183 1348 1272 attingant,
1375 1185 1435 1253 scd
1461 1182 1645 1273 complecti
1671 1197 1780 1253 totam
1805 1188 1987 1272 studeant,
2014 1202 2047 1259 et
2071 1186 2147 1272 ἕξιν

101 1310 171 1387 est.
223 1292 317 1364 Sunt
338 1289 431 1358 enim
448 1284 598 1356 docendi
613 1280 777 1354 homines
794 1285 838 1352 de
854 1284 1101 1373 religionibus,
1152 1285 1238 1354 artis
1263 1285 1332 1354 sibi
1361 1286 1508 1373 faciant,
1548 1299 1589 1355 ut
1619 1310 1700 1357 vere
1724 1287 1823 1357 iuxta
1849 1290 2077 1380 proverbium
2099 1292 2149 1363 sit

101 1402 151 1474 de
176 1399 272 1479 iure,
305 1395 349 1461 de
370 1390 525 1487 legibus,
552 1388 596 1456 de
616 1384 867 1457 controversiis
889 1385 1099 1474 forensibus,
1152 1387 1350 1457 communis
1371 1386 1592 1472 Mercurius,
1624 1381 1692 1457 boc
1721 1403 1788 1474 est,
1819 1402 1859 1459 ut
1880 1390 2014 1485 ubique
2037 1392 2084 1462 sit
2105 1394 2148 1464 in

100 1507 223 1596 deque
244 1496 323 1567 aliis
339 1493 461 1563 multis
478 1491 596 1560 rebus.
648 1483 945 1558 Iubisomnibus
965 1512 1021 1555 ces
1046 1487 1099 1554 ia-
1152 1504 1320 1580 promptu
1340 1488 1554 1574 Dialectica,
1582 1502 1615 1558 et
1640 1514 1695 1560 res
1718 1492 1886 1563 obscuras
1909 1493 2077 1585 explicet,
2110 1510 2145 1566 et

101 1620 190 1678 ceut
207 1599 394 1686 dissipatae
410 1608 444 1664 ct
458 1595 644 1675 confusae,
669 1593 737 1659 nisi
753 1588 943 1660 Dialectica
959 1590 1102 1679 cottigat
1151 1591 1324 1682 expediat.

101 1730 178 1791 eas,
203 1699 459 1772 aedistribnat.
499 1693 577 1766 Una
595 1693 705 1786 igitur
722 1710 772 1764 est
789 1689 872 1762 baec
888 1713 980 1783 pars,
1007 1715 1098 1785 quae
1197 1696 1200 1703 “
1255 1692 1298 1762 ln
1321 1686 1387 1762 hac
1411 1687 1661 1762 adhortatione
1683 1718 1845 1783 magnam
1868 1710 2004 1787 partem
2029 1698 2144 1768 libre..

100 1807 276 1884 ornnibus
298 1800 467 1888 negociis,
493 1796 660 1865 omnibus
676 1795 812 1865 artibus
834 1794 954 1862 lumen
972 1794 1100 1877 adfert,
1151 1819 1230 1865 rum
1261 1817 1408 1865 suorum
1439 1795 1573 1889 ubique
1603 1798 1780 1868 consumit
1808 1795 1929 1885 Plato,
1966 1800 2144 1891 exagitans

100 1915 199 1985 sicut
223 1906 321 1974 Plato
345 1900 481 1995 inquit,
511 1923 530 1969 a
553 1892 765 1968 Prometheo
786 1895 905 1989 aliquo
923 1893 1099 1965 divinitus
1150 1891 1325 1989 sophistas
1349 1895 1445 1966 illius
1467 1897 1654 1986 temporis,
1680 1899 1845 1992 aquibus
1871 1901 2037 1972 iuventus
2060 1902 2143 1971 nul-

102 2016 152 2087 οδ
179 2008 342 2080 homines
368 2003 536 2094 perlatam
570 2023 664 2085 esse,
697 1994 776 2091 ἅμα
799 1989 1003 2093 peneadem
1024 1991 1100 2068 τινὶ
1151 2000 1220 2070 lius
1247 1997 1298 2068 rei
1321 1999 1509 2090 perfectam
1539 1999 1720 2070 scientiam
1744 2003 1918 2089 discebat,
1952 2028 2032 2073 cum
2055 2000 2143 2073 Dia-

102 2109 218 2208 mrpl,
245 2111 280 2178 id
299 2120 367 2192 est,
392 2131 472 2175 cum
491 2102 708 2172 lucidissimo
725 2101 878 2193 quodam
896 2098 989 2186 igni3
1015 2098 1107 2190 qnia
1139 2097 1270 2172 'lectica
1289 2124 1363 2168 non
1377 2104 1588 2174 traderetur.
1627 2097 1675 2171 Et
1694 2103 1849 2194 profecto
1866 2104 2064 2196 periculum
2081 2119 2144 2190 est,

101 2222 274 2292 obscuras
291 2231 410 2279 causas
425 2230 546 2275 onrncs
563 2204 722 2290 patefacit
740 2216 773 2272 et
785 2199 975 2273 illuminat.
1022 2200 1095 2270 Fa-
1148 2200 1242 2287 fore,
1268 2216 1308 2270 ut
1325 2206 1509 2293 posteritas
1527 2225 1672 2292 magnas
1690 2228 1823 2295 poenas
1836 2208 1895 2278 det
1913 2221 2049 2299 spretae
2074 2201 2141 2276 hoc

101 2322 174 2394 silc
201 2312 311 2406 igitur
336 2309 486 2396 intelligi
514 2319 644 2397 potest,
688 2301 780 2372 hauc
805 2316 916 2373 artem
943 2301 1095 2371 maxime
1150 2319 1307 2395 tempore
1338 2303 1558 2376 Dialectices,
1620 2301 1713 2375 Nam
1747 2330 1827 2377 cum
1860 2308 1937 2378 ,pne
1970 2304 2141 2379 methodo

102 2421 270 2495 omnium
289 2410 519 2482 necessariam
542 2431 631 2492 esse,
656 2406 830 2500 siqnidem
847 2424 933 2474 usus
953 2402 1029 2473 eius
1044 2402 1099 2472 la·
1149 2401 1391 2500 Theologiam'
1407 2421 1441 2477 et
1464 2405 1551 2499 alias
1573 2428 1716 2497 magnas
1744 2423 1839 2480 artes
1867 2410 2143 2502 profitebuntur,

104 2525 244 2596 tissime
267 2527 362 2609 patet
389 2514 424 2581 in
449 2511 613 2582 omnibns
637 2507 811 2597 negociis,
839 2517 871 2576 et
895 2518 986 2575 artes
1009 2503 1098 2574 aliae
1149 2508 1238 2579 meri
1271 2503 1460 2578 histriones
1498 2522 1621 2594 erunt,
1660 2509 1761 2580 nulla
1797 2511 1950 2604 perfecta
1978 2512 2141 2586 doctrina

105 2624 202 2702 tradi
222 2634 283 2690 aut
305 2616 437 2709 percipi
460 2614 536 2683 sine
558 2613 621 2681 ista
645 2614 718 2680 non
742 2621 899 2702 possunt.
952 2604 1098 2677 Graecis
1148 2610 1326 2705 praediti·
1774 2615 1779 2623 ·
2159 2605 2160 2608 ¹

103 2723 298 2826 proverbio
328 2718 476 2787 dicitur:
514 2711 723 2783 Communis
752 2708 973 2794 Mercurius,
1001 2709 1098 2803 quod
1249 2709 1324 2782 Nos
1347 2710 1457 2801 igitur
1475 2725 1508 2784 et
1526 2711 1810 2785 doctissimorum
1834 2707 2023 2786 hominum
2038 2725 2141 2787 auto.

106 2828 272 2900 immines
287 2822 448 2890 oratione
466 2815 690 2906 patefaciant,
717 2811 1026 2883 ct'communiccnt
1040 2811 1099 2878 in·
1149 2814 1270 2898 ritate,
1296 2827 1332 2884 et
1352 2813 1507 2884 utilitate
1522 2813 1664 2904 publica
1680 2816 1816 2886 moveri
1834 2818 1953 2902 decet,
1977 2832 2140 2913 utquam

103 2951 162 3006 ter
181 2953 219 2999 se
239 2946 361 2994 omnes
390 2944 443 2990 res
467 2921 652 3000 obscuras,
678 2929 711 2984 et
734 2914 936 3007 cognitione
960 2912 1098 3001 dignas.
1149 2915 1342 3008 plurimum
1367 2915 1477 2985 studii
1496 2929 1601 3008 atque
1624 2939 1752 3006 operae
1773 2919 1811 2987 in
1828 2913 1920 2987 hanc
1938 2933 2047 2991 arram
2065 2918 2140 2989 001.

105 3033 151 3107 ld
181 3041 300 3100 aulem
328 3024 384 3092 vel
415 3022 568 3091 maxime
601 3019 769 3107 ίῡῐῐψθῑῑῑ
796 3018 834 3086 i¹1
858 3011 1100 3100 Dialecllcam,
1148 3021 1317 3105 locemus,
1338 3030 1379 3088 ut
1395 3011 1462 3085 boc
1476 3016 1753 3088 instrumentum
1766 3022 1810 3088 ad
1825 3019 2023 3112 superiores
2037 3035 2142 3105 artes,

106 3157 200 3233 quac
224 3134 268 3201 ad
292 3148 415 3196 omncs
437 3139 544 3206 artes,
570 3124 613 3189 acl
637 3117 1100 3187 omnesdilhcilescontro-
1148 3124 1191 3191 ad
1220 3119 1477 3212 rempublicam
1510 3117 1709 3193 afferamus.
1760 3120 1867 3192 Decet
1897 3122 1993 3192 enim
2019 3111 2140 3193 bono,

106 3235 257 3317 cersias',
283 3231 327 3299 ad
341 3226 461 3297 omitia
477 3226 624 3294 obscura
641 3222 784 3311 negocia
800 3214 1001 3288 adhibetur.
1034 3214 1100 3288 Est
1150 3223 1245 3293 viros
1261 3232 1462 3316 praestare,
1494 3221 1557 3317 qni
1579 3222 1622 3289 ad
1645 3221 1786 3312 publica
1810 3223 1975 3312 negocia,
2005 3224 2049 3294 ad
2072 3225 2140 3293 do·

108 3339 220 3431 igilur
243 3329 435 3404 Dialectici
461 3326 590 3411 veluti,
625 3319 750 3404 κοινὸς
779 3319 893 3414 ἕρμῆς
924 3320 1098 3410 interpret
1149 3324 1277 3395 cendas
1291 3323 1498 3411 religiones,
1522 3335 1584 3393 aut
1605 3326 1798 3394 exercenda
1814 3325 1944 3395 iudicia
1957 3327 2141 3412 accedunt,

106 3439 268 3515 Beatum
290 3446 395 3526 atque
417 3425 621 3510 bominum,
646 3426 686 3495 in
700 3425 859 3515 templis,
884 3421 923 3491 in
936 3421 1035 3504 foro,
1059 3419 1109 3488 in·
1148 3439 1188 3501 ut
1203 3448 1309 3520 quam
1324 3425 1546 3517 paratissimi,
1571 3426 1616 3495 ad
1632 3447 1688 3494 res
1700 3421 1879 3512 maximas,
1899 3426 2139 3515 difficillimas,

106 3536 252 3617 scholis,
276 3536 314 3605 in
332 3532 485 3610 iudiciis,
507 3527 707 3603 indenatu,
745 3522 909 3621 Denique
923 3545 1098 3616 nusquam
1148 3540 1183 3599 et
1199 3528 1322 3621 plenas
1337 3525 1486 3617 periculi
1501 3527 1679 3602 accedant.
1729 3525 1819 3597 Nam
1845 3528 2000 3620 improbi
2020 3524 2139 3606 honri-

105 3637 399 3725 mfltcmltssr·
1149 3630 1205 3701 nis
1229 3642 1300 3714 est,
1326 3628 1485 3720 polliceri
1511 3627 1699 3698 consilium
1721 3642 1828 3723 atque
1851 3654 1954 3722 opem
1981 3628 2136 3720 Reipub,

129 3760 145 3770 ”
209 3740 294 3831 (2⁰⁰
318 3737 430 3825 Μῖὓ
452 3727 735 3827 “P“hffld‘ndl
753 3721 1099 3818 ⁸⁰⁰¹b⁰⁰¹²l¹ll>⁰f0s
1147 3733 1177 3805 si
1194 3732 1281 3804 sciat
1300 3729 1541 3801 infirmitatem
1562 3753 1661 3799 suam
1678 3743 1712 3802 et
1729 3730 1905 3803 inscitiam
1921 3731 2137 3827 reipublicae

105 3848 173 3947 qni
196 3845 273 3915 sine
295 3838 487 3911 Dialectica
508 3846 699 3927 properant
716 3832 760 3900 ad
781 3830 981 3921 superiores
996 3840 1098 3912 artes,
1147 3834 1382 3930 periculam„
1397 3833 1488 3905 5050,
1538 3828 1636 3904 Dm·

104 3947 295 4044 inquibus
314 3938 483 4038 quoniam
504 3938 583 4007 sine
597 3933 787 4006 Dialectica
810 3924 1019 4001 methodum
1040 3951 1098 3997 re-
1391 3926 1394 3935 '

106 4050 225 4153 perire
240 4046 378 4117 nullam
395 4055 555 4133 possunt,
577 4039 625 4109 ita
642 4034 821 4117 errabunt,
843 4044 883 4102 nt
898 4032 927 4101 si
943 4031 982 4108 in
995 4031 1097 4120 igno-

106 4150 257 4230 tissimis
270 4146 476 4237 regionibus
493 4154 596 4212 nocte
614 4140 680 4211 iter
693 4138 863 4206 facerent.
913 4128 959 4202 Et
977 4131 1097 4202 bacin

105 4282 148 4335 re
168 4253 289 4326 minus
307 4249 485 4319 sustinent
509 4223 675 4336 periculi,
701 4237 765 4332 qui
787 4233 988 4307 Medicinae
1009 4235 1097 4304 dant
1154 4207 1327 4337 §⁰²3⁹

104 4377 267 4453 orcam.
318 4351 408 4422 Nam
443 4342 482 4417 hi
505 4343 697 4415 Dialectica
725 4351 868 4411 tanturn
902 4337 940 4406 iu
967 4330 1097 4406 scholis
1158 4343 1163 4350 ’

105 4472 271 4539 rttnntur·
309 4448 484 4540 Theologi
500 4462 533 4517 et
551 4440 794 4516 iurisconsulti
811 4440 997 4530 proferunt
1010 4434 1098 4507 Dia-

105 4560 268 4640 lecticam
288 4579 331 4627 ex
355 4554 484 4631 umbra
499 4550 537 4618 in
558 4547 680 4617 aciem.
730 4541 803 4613 Nec
825 4554 915 4610 suas'
930 4560 1097 4631 personas
1427 4579 1567 4655 Fabula
1588 4604 1639 4655 ex
1658 4581 1861 4657 mmm.

106 4654 272 4742 ctoehoc
287 4658 525 4727 instrumento
541 4648 633 4720 tueri
649 4656 808 4738 possunt.
847 4639 979 4712 Paulus
996 4663 1094 4732 prae-
2108 4690 2112 4695 .

106 4761 359 4858 cipitvcrbnm
373 4753 438 4826 Dei
453 4750 691 4845 ὄρθοτσμεῖν.
736 4750 773 4815 ld
788 4743 968 4839 quomodo
985 4742 1098 4826 faciet,
1145 4719 1271 4807 Nemo
1289 4718 1443 4799 cestriam
1460 4728 1618 4820 ignorat,
1642 4753 1699 4799 me
1714 4729 1752 4800 in
1770 4725 1837 4800 hoc
1861 4730 1939 4803 1000
1955 4735 1999 4803 ,d
2015 4736 2137 4806 dim,

105 4861 325 4967 quiuullam
349 4857 433 4928 sciet
451 4868 530 4946 apte
544 4847 786 4941 distinguendi
799 4859 833 4917 ct
850 4843 1023 4939 partiendi
1040 4868 1098 4913 ra·
1147 4839 1232 4906 dum
1255 4831 1383 4903 officio.
1402 4831 1543 4904 ²dd¹¹⁰b
1602 4825 1753 4902 Stlwl‘e‘
1784 4832 1878 4902 ‘ssim
1908 4835 2138 4919 c⁰n⁵t10¹¹¹dtt

106 4965 270 5049 nonan?
302 4960 400 5051 Quid
419 4957 487 5028 erit
500 4953 751 5032 monstrosius,
778 4949 937 5020 doctriua
954 4945 1098 5034 religio-
1147 4962 1237 5032 quae
1257 4937 1374 5026 legum
1397 4934 1510 5004 instar
1533 4928 1695 5002 habenda
1720 4948 1787 5017 est,
1813 4929 1881 5006 boc
1903 4938 2022 5008 oneris
2047 4934 2136 5007 mihi

106 5072 182 5156 nis,
205 5066 235 5138 si
251 5065 380 5135 diversi
399 5059 465 5130 loci
483 5058 736 5137 miscebuntur,
762 5066 797 5124 et
812 5045 1099 5121 confundentur?
1147 5039 1318 5130 imponit,
1343 5049 1383 5105 ut
1397 5038 1443 5105 de
1457 5036 1621 5105 laudibus
1637 5035 1782 5105 istarum
1797 5037 1928 5107 artium
1943 5040 2071 5127 dicam,
2098 5040 2136 5109 in

103 5170 233 5273 φωρ.
248 5179 342 5252 mne,
366 5161 525 5236 doctrina
539 5159 627 5249 legis
640 5171 673 5227 et
689 5151 884 5249 Evangelii,
908 5149 1010 5220 Vitae
1024 5148 1098 5238 spi·
1147 5143 1277 5238 quibus
1301 5133 1469 5209 hactenus
1495 5138 1623 5208 versati
1645 5147 1779 5209 sumus
1831 5137 2044 5235 Quanquam
2068 5141 2137 5209 irn-

128 5278 140 5297 ·
204 5272 251 5343 153
270 5267 403 5350 officia,
427 5276 460 5334 et
477 5263 569 5331 vitae
585 5257 703 5329 civilis
722 5256 857 5340 officia,
882 5264 1098 5323 sacramenta
1147 5243 1320 5315 becillitas
1336 5239 1471 5330 ingesti
1492 5239 1580 5323 mci,
1604 5252 1638 5309 ct
1655 5234 1739 5309 baec
1756 5243 2062 5333 ornatissimorum
2081 5239 2138 5311 υἷ’.

107 5372 148 5455 d
162 5370 357 5449 sacrificia?
380 5367 503 5462 Neque
520 5362 709 5461 quisquam
726 5356 810 5431 satis
826 5370 950 5429 cautus
968 5353 1037 5425 erit
1057 5352 1097 5422 in
1146 5370 1270 5420 rorum
1283 5339 1504 5438 frequentia,
1523 5365 1581 5412 ure
1596 5366 1616 5413 a
1631 5343 1784 5415 dicendo
1799 5345 1995 5432 deterrent,
2015 5357 2151 5419 nmen,
2232 5390 2234 5395 >

1218 4422 1250 4480 lts
1266 4422 1380 4493 Queat.
1389 4422 1423 4479 ab
1435 4420 1527 4477 Rheso
1540 4420 1606 4478 etit.
1625 4440 1652 4497 p.
1663 4421 1682 4478 9
1693 4420 1720 4481 b.
1733 4440 1795 4497 sqq.
