4546 5760
104 214 182 293 sss
479 283 484 291 ,
558 213 867 312 auuooora
916 208 992 295 ur
1043 213 1272 294 suevus
1323 210 1676 298 cortesours.
2051 188 2129 306 oso
2196 159 2198 162 ’

107 385 225 471 euim,
246 408 312 456 vos
326 408 392 478 pro
407 395 523 456 vestra
537 407 675 457 summa
690 382 910 461 humanitate
924 387 1092 459 volunta·
1144 384 1282 456 tudinis
1302 397 1444 457 nostrae
1473 386 1662 468 omnbus,
1701 412 1853 481 quorum
1877 393 2049 466 benefic&
2071 397 2129 466 ¹¹⁸5

105 501 179 560 tem
201 511 316 559 meam
339 488 550 579 probaturos
572 510 665 575 esse,
697 490 835 560 etiamsi
864 491 904 560 in
930 491 1093 562 oratione
1144 510 1286 569 sumus,
1318 489 1556 559 ostendamus.
1615 487 1696 577 Qua
1718 498 1757 559 in
1781 516 1819 562 re
1842 495 1999 586 primum
2022 501 2141 570 venia

106 590 263 662 multum
278 589 536 666 desiderabitis.
587 587 803 685 Quanquam
823 593 923 663 cuius
945 607 998 664 est
1012 608 1092 664 tan·
1144 584 1234 659 mihi
1250 592 1401 682 petenda
1415 603 1484 676 est,
1500 592 1594 684 quod
1613 615 1686 660 non
1703 593 1835 684 possim
1851 598 2048 673 orationem
2062 626 2125 694 pa·

105 706 186 764 pum
204 692 327 764 lumen
345 692 497 782 ingenii,
519 704 617 764 tanta
634 694 1090 787 eloquentia,uteabene-
1142 715 1217 762 rent
1237 692 1476 782 magnitudini
1497 692 1658 763 beneficii
1680 692 1852 771 invenire
1905 698 2003 790 Quid
2029 704 2126 773 enim

102 795 208 881 ficis,
231 819 322 889 quae
336 794 488 871 studiosi
508 819 528 866 e
549 795 657 866 bonis
678 797 885 868 doctoribus
905 797 1093 888 accipiunt,
1144 794 1182 864 in
1202 794 1301 865 omni
1318 794 1390 866 vita
1403 808 1519 887 potest
1533 794 1598 867 ulli
1617 796 1776 868 accidere
1789 802 2003 892 optabilius,
2019 830 2127 898 quam

105 921 176 991 pro
211 897 385 987 dignitate
423 896 627 988 praedicare
658 913 764 993 atque
796 924 925 970 ornare
958 900 1093 991 possit?
1142 909 1185 968 ut
1214 895 1500 969 doctissimorum
1533 911 1568 968 et
1597 899 1905 973 ornatissimorum
1938 897 2127 979 bominum

104 997 210 1090 Quae
234 998 330 1070 enim
352 1000 523 1071 beneficia
543 1000 680 1071 maiora
704 1025 744 1071 ae
765 1002 913 1071 meliora
930 992 1091 1073 conferre
1133 997 1276 1088 ,iudicio
1295 1000 1480 1094 probatus,
1506 998 1546 1068 in
1560 993 1657 1071 hunc
1671 1001 1833 1073 ordinem
1850 1004 2034 1096 dignitatis
2051 1011 2128 1103 ple-

103 1093 272 1173 homines
296 1095 505 1173 bominibus
525 1112 693 1196 possunt,
729 1128 837 1197 quarn
860 1099 955 1175 hanc
977 1117 1091 1175 rectae
1143 1125 1250 1186 num,
1275 1093 1534 1173 honestissimis
1554 1102 1731 1192 suffragiis
1753 1106 1983 1180 traducatur?
2035 1109 2128 1201 Quis
2179 1189 2183 1195 ,

101 1204 290 1277 doctrinae
303 1205 637 1286 adnunciationem,
664 1230 733 1299 qua
749 1218 822 1277 tota
838 1207 910 1277 vita
927 1206 1091 1278 contine·
1143 1203 1238 1273 enim
1258 1225 1334 1272 non
1356 1203 1470 1294 pluris
1489 1203 1596 1274 faciat
1619 1204 1792 1289 iudicium
1806 1209 1852 1277 de
1868 1232 1904 1280 ⁸²
1920 1211 2046 1283 [allum
2069 1215 2126 1284 Vi·

101 1318 168 1379 tnr
183 1331 224 1378 ae
238 1307 390 1399 regitur,
412 1330 519 1401 quarn
534 1302 707 1378 babemus
721 1310 847 1379 ducem
862 1311 907 1379 ad
921 1310 1090 1381 virtutem
1143 1328 1287 1390 rorum,
1312 1326 1418 1399 quam
1441 1306 1612 1375 maximas
1628 1326 1730 1398 opes;
1755 1324 1941 1402 propterea
1959 1317 2055 1408 quod
2079 1316 2127 1385 il-

102 1410 203 1480 etad
221 1406 554 1481 immortalitatem?
589 1407 712 1504 ltaque
731 1434 870 1503 semper
886 1411 1007 1504 optavi
1023 1411 1091 1481 ali·
1141 1408 1197 1478 lae
1222 1429 1304 1477 casu
1328 1407 1533 1499 contingere
1564 1420 1751 1499 putantur:
1783 1404 1842 1482 hic
1865 1426 1981 1484 autern
2009 1411 2126 1488 bonos

102 1534 215 1607 quarn
235 1500 328 1581 mihl
350 1511 570 1583 occasionem
595 1513 693 1598 dari,
718 1513 969 1604 significandae
992 1537 1090 1582 meae
1144 1522 1239 1580 certo
1276 1510 1425 1579 consilio
1464 1511 1590 1582 virtuti
1626 1511 1781 1584 tributus
1807 1506 1895 1585 ‘esse
1937 1517 2126 1591 iudicatur.
2201 1513 2205 1520 ⁸

100 1614 335 1707 gratitudinis
351 1637 430 1706 erga
447 1629 691 1706 praeceptores
706 1630 865 1700 nostros,
883 1616 1089 1708 praesertim
1144 1609 1265 1701 Quare
1290 1612 1443 1681 latemur
1465 1613 1662 1704 plurimum
1695 1637 1761 1684 nos
1786 1617 1954 1689 omnibus
1984 1622 2127 1709 debere,

101 1739 190 1787 mm
212 1716 389 1803 viderem,
419 1716 607 1809 praecipue
639 1717 677 1786 in
712 1711 778 1788 hac
807 1713 925 1788 schola
952 1741 1089 1788 summa
1142 1713 1204 1806 qui
1227 1735 1293 1782 nos
1317 1712 1357 1782 iri
1386 1708 1492 1784 huius
1518 1708 1666 1785 honoris
1695 1716 1867 1808 petitione
1894 1722 2122 1796 adiuverunt.

98 1816 176 1888 fide
193 1841 401 1914 summaque
416 1819 606 1912 prudentia
616 1818 722 1889 nobis
730 1820 879 1911 optimas
892 1835 983 1892 artes
996 1819 1089 1889 tradi
1141 1812 1190 1885 Et
1204 1837 1408 1908 quanquam
1429 1816 1507 1886 leve
1523 1816 1686 1888 videatur
1702 1819 1857 1890 officium
1874 1845 1964 1907 esse,
1990 1818 2059 1896 hoc
2085 1827 2124 1897 in

99 1933 213 2016 ,sque
229 1920 412 1993 inculcari.
464 1919 625 2015 Cumque
640 1916 679 1991 hi
698 1922 768 1991 mei
785 1922 939 2013 collegae
960 1936 1090 2003 testen·
1142 1918 1221 1988 loco
1237 1916 1362 1987 merita
1379 1931 1494 2007 vestra
1520 1920 1745 2011 praedicare,
1770 1933 1888 1992 tamen
1911 1919 2004 1996 hanc
2026 1952 2124 1999 com-

99 2035 186 2110 tur,
210 2045 249 2094 se
262 2024 308 2094 ad
326 2025 479 2095 eundem
494 2026 644 2094 modum
658 2024 802 2094 affectos
824 2047 916 2111 esse,
941 2049 1015 2096 non
1031 2047 1090 2095 so-
1142 2019 1435 2089 memorutionem
1468 2023 1749 2113 praetermittere
1782 2025 1886 2095 uobis
1923 2051 1998 2098 non
2032 2031 2124 2102 licet.

101 2124 184 2196 lum
215 2127 261 2196 de
293 2150 367 2209 me,
401 2129 463 2198 sed
495 2126 600 2196 etiam
631 2126 676 2196 de
690 2149 760 2205 ‚sua
783 2123 1005 2198 voluntates
1031 2150 1089 2195 me
1141 2119 1302 2191 Primum
1331 2121 1451 2215 itaque
1481 2123 1610 2212 &³5³⁸
1641 2124 1776 2214 agilum
1789 2122 1898 2213 Deo,
1931 2132 1993 2224 ‘lui
2026 2128 2123 2204 hunc

101 2226 180 2299 dici
204 2228 407 2304 voluerunt,
458 2224 537 2300 Etsi
561 2241 679 2298 autem
695 2223 781 2302 haec
799 2229 1088 2299 commemoratio
1141 2245 1282 2293 cursum
1304 2223 1505 2295 studiorum
1525 2240 1631 2319 atque
1652 2219 1800 2296 honoris
1816 2231 1930 2301 nostri
1954 2226 2125 2306 hacteuus

100 2329 222 2401 leving
235 2345 287 2402 est
302 2330 478 2413 officium,
505 2353 610 2424 quam
628 2330 924 2422 „magnitudini
940 2331 1090 2402 merito.
1140 2347 1276 2395 summa
1303 2325 1487 2416 diligentia
1511 2328 1737 2418 gubernavit,
1771 2354 1921 2426 eumque
1947 2358 2124 2424 rogamus,

100 2455 188 2503 mm
211 2445 412 2504 vestrorum
438 2433 669 2525 respondeat,
702 2447 822 2503 tamen
852 2434 1021 2527 quoniam
1049 2433 1088 2502 iu
1140 2441 1180 2499 ut
1206 2429 1324 2498 favere
1346 2429 1452 2499 nobis
1478 2430 1721 2533 exercentibus
1751 2445 1861 2503 arteru
1881 2437 1977 2507 velit.
2030 2437 2139 2510 Nam'

100 2533 194 2628 ipsis
221 2526 387 2626 auspiciis
415 2537 529 2606 nostri
553 2531 700 2606 honoris
727 2548 761 2605 et
786 2536 826 2603 in
852 2531 920 2606 hoc
945 2535 1088 2628 publico
1141 2529 1235 2600 irriti
1258 2544 1343 2601 sunt
1366 2547 1513 2602 conatus
1543 2531 1704 2602 omnium
1732 2527 1920 2607 hominum
1949 2553 1984 2610 et
2006 2539 2126 2611 infeli-

100 2650 304 2724 conventu,
327 2635 405 2709 Deo
428 2653 462 2710 et
484 2638 587 2708 vobis
610 2637 777 2721 testibus,
800 2639 1000 2728 obligamus
1022 2661 1089 2707 nos
1140 2632 1193 2703 ria
1211 2633 1348 2717 studia,
1363 2633 1434 2702 nisi
1448 2632 1546 2704 Deus
1565 2657 1605 2703 ea
1618 2635 1717 2706 iuvet
1730 2650 1765 2706 et
1780 2637 1948 2711 loctunet.
1982 2639 2123 2714 Deinde

102 2737 279 2828 religione
295 2743 448 2834 quadam
462 2743 506 2809 ad
522 2734 723 2810 habendam
741 2741 889 2829 gratiam
904 2752 1087 2832 perpetuo,
1139 2734 1270 2829 gratias
1296 2734 1434 2824 agimus
1450 2733 1693 2807 illustrissimo
1714 2734 1875 2831 Principi
1900 2740 2027 2812 loanni
2043 2743 2125 2815 Fri-

102 2841 304 2936 plurimum
331 2837 461 2913 hahere
492 2842 658 2934 ponderis
687 2836 773 2911 haec
799 2842 1088 2913 commemoratio
1139 2836 1259 2906 derico
1280 2835 1455 2908 Saxoniae
1477 2834 1648 2909 Electori.
1700 2838 1796 2928 Quia
1823 2843 1916 2912 enim
1933 2845 2015 2936 {ipse
2040 2871 2125 2942 sup-

101 2943 297 3016 iudicanda
314 2958 377 3019 est.
427 2941 665 3036 Agnoscimus
679 2944 807 3034 igitur,
827 2967 894 3014 uos
910 2944 954 3014 iis
977 2945 1087 3016 bene-
1140 2939 1274 3031 peditat
1290 2953 1450 3030 sumptus
1473 2953 1506 3009 et
1529 2942 1647 3011 ocium
1664 2936 1748 3010 huic
1763 2938 1914 3015 Scholae
1928 2949 1971 3016 ad
1991 2950 2125 3038 optima

101 3045 196 3119 ficiis
211 3046 354 3118 affectos
378 3070 473 3132 esse,
499 3047 629 3140 quibus
650 3046 797 3136 cogitari
820 3047 920 3116 nulla
938 3046 1087 3117 meliora
1139 3039 1255 3112 studia
1281 3042 1446 3127 colenda,
1489 3055 1522 3112 et
1554 3044 1598 3112 ad
1622 3043 1711 3113 alios
1729 3046 1928 3133 docendos,
1956 3051 2127 3122 debemus

101 3160 267 3244 possunt.
324 3147 473 3229 Nullum
509 3148 604 3218 enim
637 3149 753 3217 maius
784 3162 837 3219 est
866 3149 1089 3234 beneficium,
1140 3144 1208 3235 ipsi
1231 3143 1723 3239 acceptumferre,·quicquid
1740 3146 1778 3214 in
1795 3143 1999 3221 hacschot'a
2016 3154 2126 3222 bene-

101 3274 214 3347 qnsm
236 3264 330 3322 recte
353 3254 397 3321 de
420 3250 583 3320 maximis
606 3252 732 3333 rebus,
755 3249 800 3319 de
816 3250 1004 3339 religione,
1027 3252 1090 3321 de.
1140 3246 1299 3315 liciorum
1315 3245 1353 3313 in
1374 3270 1440 3314 nos
1456 3247 1659 3320 collocatur.
1711 3243 1861 3338 Agimus
1884 3265 1918 3322 et
1931 3255 2062 3342 gratias
2077 3253 2127 3325 ll·

101 3353 358 3448 queomuibus
373 3353 467 3425 vitae
491 3352 617 3423 officiis
638 3353 728 3423 alios
743 3354 880 3422 docere.
930 3351 1090 3446 Cumque
1140 3346 1351 3417 lustrissimo
1374 3346 1533 3438 Principi
1554 3346 1681 3420 loanni
1700 3345 1876 3439 Ernesto,
1902 3350 1994 3424 Duri
2016 3357 2129 3428 Saxo·

103 3450 197 3527 baec
218 3456 314 3528 bona
337 3480 419 3526 vere
437 3451 506 3525 Dei
528 3479 675 3525 munera
691 3451 730 3523 iu
748 3454 852 3524 terris
867 3478 941 3525 esse
957 3468 1090 3525 statua·
1141 3449 1240 3534 niae,
1285 3449 1348 3543 (Ιώ
1379 3474 1441 3518 ⁵¹¹³
1472 3451 1667 3542 Ι)Νίεεεηῑίἶι
1707 3453 1866 3524 animum
1897 3456 2129 3549 ⁰¹⁰m⁰¹¹¹5⁸⁸if

103 3580 208 3641 mus,
238 3559 357 3629 Deum
381 3557 560 3628 vindicem
585 3557 852 3647 ingratitudinis
878 3558 954 3627 lore
969 3551 1027 3650 ¹³),
1060 3558 1091 3626 si
1142 3576 1239 3621 mum
1255 3574 1335 3641 erga
1357 3551 1768 3623 literarumProlessores
1780 3568 1814 3625 et
1830 3550 1916 3627 baec
1935 3562 2051 3631 studia
2065 3564 2129 3631 de-

104 3659 190 3754 quis
211 3660 371 3749 ingratus
392 3661 501 3731 luerit
517 3661 685 3729 adversus
700 3683 779 3744 vos,
805 3683 958 3752 quorum
983 3682 1090 3751 opera
1142 3654 1276 3723 clarare
1299 3653 1426 3724 voluit.
1480 3651 1628 3745 Agimus
1644 3671 1678 3727 et
1695 3658 1825 3745 gratias
1840 3657 2031 3750 Magnifica
2052 3662 2129 3735 Re-

103 3762 226 3835 aditus
252 3762 321 3855 ipsi
344 3763 536 3854 patefactus
556 3775 608 3832 est
631 3762 675 3829 ad
689 3757 753 3832 bas
768 3762 919 3853 optimas
936 3787 977 3832 ac
995 3762 1092 3832 divi·
1142 3756 1251 3839 nori,
1283 3754 1461 3844 generosis
1484 3782 1523 3826 ac
1543 3758 1726 3829 nobilibus
1744 3757 1912 3832 Dominis
1927 3761 2128 3836 Comitibus

106 3887 176 3936 nas
189 3879 292 3936 artes.
344 3863 465 3953 Quare
480 3863 709 3957 pollicemur,
737 3886 803 3932 nos
827 3877 999 3956 perpetuo
1025 3889 1090 3933 vo·
1143 3882 1182 3928 ac
1202 3855 1423 3943 Beronibus,
1443 3859 1655 3930 vironobili
1671 3863 1823 3953 praesidi
1842 3863 2037 3953 Saxoniae,
2063 3869 2130 3938 do-

105 3967 167 4041 bis
187 3967 335 4059 gratiam
361 3961 546 4038 habituros
568 3988 660 4050 esse,
698 3987 738 4034 ac
764 3966 910 4035 daturos
937 3990 1092 4058 operam,
1143 3960 1308 4032 ctissimis
1332 3960 1436 4045 viris,
1462 3985 1541 4031 curn
1565 3962 1715 4032 aliarum
1735 3964 1942 4037 facultatum
1961 3966 2130 4039 Ductori·
2258 3976 2262 3982 ’

100 4084 171 4156 nt,
203 4092 416 4164 quocunque
439 4068 546 4139 officii
572 4091 700 4160 genere
722 4067 932 4159 poterimus,
966 4093 1092 4139 cumu-
1142 4064 1227 4144 bus,
1266 4075 1342 4133 tum
1366 4063 1554 4155 praecipue
1584 4064 1730 4134 domino
1754 4063 1904 4137 Ductori
1925 4067 2129 4162 Medicinae

103 4172 180 4246 late
194 4196 258 4267 per
271 4172 491 4245 occasionem
512 4172 715 4244 reseramus.
766 4168 863 4244 Diri.
999 4201 1009 4225 ι
1144 4165 1339 4257 promoturi
1362 4179 1503 4251 nostro,
1542 4165 1643 4235 cuius
1666 4166 1792 4238 officiis
1821 4184 1858 4241 et
1880 4196 1986 4262 opera
2014 4174 2130 4264 pluri-

1144 4291 1242 4338 mum
1259 4267 1314 4338 usi
1332 4290 1464 4338 sumus.
1517 4263 1668 4339 Gratum
1692 4269 1798 4339 etiam
1817 4271 1922 4341 nobis
1936 4270 2131 4364 Magistro-

1144 4394 1223 4440 rum
1253 4382 1288 4442 et
1310 4364 1609 4441 scholasticorum
1637 4371 1793 4442 officium
1821 4387 1892 4458 est,
1931 4377 1993 4468 qui
2016 4380 2131 4450 nostri

1145 4467 1292 4541 honoris
1309 4494 1417 4541 causa·
1433 4473 1478 4541 ad
1491 4465 1582 4542 hanc
1597 4496 1762 4565 pompam
1775 4492 2032 4554 convenerunt.
2057 4478 2132 4552 Nos

1146 4569 1214 4644 hoc
1242 4587 1400 4664 tempore
1424 4576 1572 4664 gratiam
1595 4573 1731 4645 nullam
1755 4582 1898 4669 praeter
1919 4573 2011 4650 hanc
2033 4607 2132 4653 com·

177 4736 210 4793 1„
226 4735 386 4807 Quaestus
401 4734 490 4790 mm
505 4734 584 4791 editis
602 4751 633 4807 p.
648 4731 730 4791 155⁵.
744 4749 801 4805 sq,
822 4730 868 4787 uti
888 4729 959 4784 mate
980 4729 1014 4784 sd
1032 4747 1096 4785 nus.
1145 4675 1437 4746 memorationem
1474 4690 1615 4797 nostrae
1642 4679 1839 4801 voluntatis·
1859 4681 2008 4752 reddere
2031 4686 2132 4755 vobis

213 4805 289 4864 155⁷.
304 4804 434 4861 „mm
1147 4801 1343 4869 possumus.
1404 4776 1475 4849 Sed
1496 4803 1527 4849 sr
1547 4799 1619 4871 quo
1641 4779 1711 4850 alto
1733 4781 1841 4851 olfieu
1866 4806 1993 4873 genere
2016 4786 2133 4857 decla-

1146 4904 1224 4950 rare
1258 4880 1509 4969 gratitudinem
1542 4893 1701 4950 nostram
1735 4907 1894 4976 unquam
1925 4871 2133 4979 poterimus,

1146 4983 1310 5053 dablmtss
1333 5006 1494 5073 weram,
1520 4996 1561 5052 ut
1576 5005 1650 5052 non
1665 4984 1899 5058 desideraturi
1918 4990 1994 5060 sitis
2009 4991 2047 5065 iu
2064 5015 2132 5062 no-

105 5085 209 5175 cum
245 5095 463 5188 amplissimo
499 5088 638 5164 honore
675 5092 769 5162 aucti
805 5092 931 5176 simus,
963 5113 1095 5160 conve·
1147 5083 1202 5156 bis
1219 5078 1486 5156 humanitatem.
1537 5079 1630 5158 Dixi.

104 5201 183 5289 tui,
207 5211 258 5290 [ut
290 5198 444 5269 vicissim
477 5193 771 5286 significationem
803 5194 959 5287 aliquam
986 5192 1096 5284 grati·

108 5341 320 5360 μ

143 4485 212 4621 na
241 4535 299 4614 1⁶.
861 4532 927 4628 (a.
956 4469 1068 4627 asar.)

108 4634 326 4674 “a
843 4631 1087 4665 m

277 4945 497 5017 Gratiarum
523 4945 624 5014 ostio
650 4943 691 5013 tn
718 4936 931 5012 doctor-utu.
965 4987 968 4992 -

142 5415 172 5480 ‘i
191 5412 369 5469 Desideratus
385 5419 541 5478 putamus,
560 5403 602 5458 rel
617 5402 718 5459 simile.

98 5513 280 5582 Mrurrru.
307 5508 411 5574 Orsa.
446 5507 530 5573 Vos.
557 5503 602 5571 Χ.
