4546 5760
47 199 102 275 or
233 191 690 285 nr1sr0nsnuu,
723 128 1203 272 1unrci0nuunr
1237 185 1629 269 sunieronun
1679 196 1912 280 nrn.x1v.
1959 312 1963 319 η
2037 152 2087 274 ce

51 374 109 442 vel
131 371 345 464 cogitatione
367 369 581 458 sententiae,
615 391 705 464 quae
726 367 832 440 altius
853 367 977 456 illapsa
1000 375 1053 434 est
1104 360 1203 433 viora
1217 363 1341 438 seram.
1391 359 1596 441 Adhibetur
1610 384 1727 443 autem
1743 375 1794 447 sal
1809 369 1876 447 hoc
1891 375 1977 445 bue:
2003 399 2088 445 nam
2121 448 2127 461 ,

53 474 179 546 animo
204 487 348 568 propter
368 474 582 558 melodiam,
613 494 650 542 se
673 471 817 562 erigere.
839 476 842 480 ’
875 466 966 555 Quis
984 489 1051 535 no·
1103 487 1185 534 cum
1199 460 1364 567 Christus
1377 467 1464 539 dicit
1479 472 1525 540 ad
1539 468 1747 564 Apostolos:
1769 500 1832 547 vos
1851 479 1932 549 estis
1946 478 1999 548 sal
2014 490 2087 548 ter-

53 591 171 648 etrum
193 578 281 646 adeo
304 577 418 647 durus
440 590 511 658 est,
545 588 587 645 nt
607 597 683 644 non
705 588 810 644 cantu
826 568 996 642 lusciniae
1013 568 1052 636 in
1102 589 1183 652 rae,
1216 590 1289 636 non
1320 568 1397 637 sine
1427 571 1683 661 significatione
1717 576 1835 672 aliqua
1867 580 2088 651 factumest.

54 678 214 750 dumetis
237 691 272 749 et
293 677 437 748 cassitae
457 676 498 746 in
520 675 613 767 agris
635 675 743 746 simul
762 698 847 745 voce
869 684 903 743 et
931 669 1051 740 volatu
1101 666 1202 738 Salis>
1215 672 1310 737 enim
1332 685 1459 742 natura
1480 689 1530 746 est
1546 678 1698 770 quadam
1712 680 1901 750 dulcedine
1915 694 1949 752 et
1963 705 2088 773 sapore

55 780 198 850 coelum
213 793 391 872 petentem
406 779 554 849 mirifice
569 773 808 848 exhilaretur?
856 770 949 846 Cum
970 770 1050 865 qni·
1101 771 1247 840 condire
1269 772 1405 860 cibum3
1436 775 1539 857 item,
1573 775 1762 870 probibere
1777 783 2089 876 putrefactionem.

55 883 272 954 demetiam
295 903 363 952 nos
384 881 638 968 admonemur,
674 891 714 951 nt
737 875 847 949 simili
868 874 986 947 studio
1009 896 1050 941 ex
1102 868 1209 941 Tales
1230 885 1345 942 autem
1365 898 1449 960 nos,
1474 877 1547 946 sive
1564 879 1601 947 in
1617 875 1773 952 Ecclesia
1788 890 1987 970 versemur,
2013 885 2088 955 sive

49 979 239 1078 ,hilaritate
259 983 480 1054 conditorem
500 980 616 1053 Deum
642 980 877 1064 celebremus,
913 989 948 1046 et
972 975 1050 1045 lau·
1101 971 1140 1041 in
1161 971 1395 1065 Reipublicae
1417 978 1597 1066 societate,
1624 1004 1698 1052 esse
1718 985 1902 1070 debemus,
1935 1000 1976 1056 ut
1999 987 2089 1057 alios

56 1088 119 1156 des
143 1085 179 1155 ei
201 1106 303 1155 veras
324 1085 563 1155 decantemus.
627 1079 773 1173 Quanto
789 1078 899 1173 magis
916 1071 1051 1149 exhila-
1101 1074 1314 1146 delectemus
1327 1079 1498 1151 suavitate
1513 1082 1625 1168 vitae,
1651 1097 1687 1155 et
1702 1087 1867 1157 seandala
1879 1088 2041 1163 vitemus.

55 1185 283 1258 rari'mentes
297 1209 373 1256 non
386 1185 548 1256 efferatos
563 1197 838 1255 consentaneum
852 1195 914 1255 est.
957 1176 1049 1250 Cum

55 1288 214 1360 audiunt
233 1289 273 1357 in
287 1287 521 1358 vernantibus
540 1280 657 1358 hortis
675 1286 714 1354 in
732 1283 870 1356 floridis
886 1280 996 1374 pratis
1010 1279 1049 1347 in

57 1493 97 1563 in
113 1514 266 1586 quarum
283 1486 403 1562 eboris
413 1503 546 1561 eertum
563 1501 630 1574 est,
654 1512 727 1559 uua
738 1486 858 1579 vagari
873 1498 908 1557 ιι
925 1506 1050 1555 canere

1204 1207 1338 1281 Vinum
1362 1213 1470 1306 capiti
1492 1218 1833 1308 superinfunditur,
1857 1238 2003 1315 propter
2017 1224 2091 1294 ele-

131 1390 140 1407 ,
320 1389 368 1408 ..
533 1392 540 1403 ‚
653 1386 663 1406 ‚
709 1387 718 1407 ⁸
847 1385 858 1406 .
1102 1308 1255 1380 ctionem
1278 1316 1322 1383 ad
1341 1308 1409 1385 boc
1425 1338 1536 1406 genus
1552 1320 1665 1400 vitae,
1694 1344 1755 1392 seu
1772 1323 1817 1391 ad
1833 1318 1927 1394 banc
1941 1325 2091 1417 provin-

56 1391 212 1461 collibus
227 1384 388 1459 herbidas
407 1402 609 1460 sanctarum
629 1409 808 1479 vrrgrnum
822 1407 900 1479 pros
916 1392 1050 1466 cantus,
1101 1412 1192 1482 ,hm
1215 1415 1496 1503 gulussqmndm⁸
1548 1418 1672 1491 Mose

1101 1536 1198 1604 reges
1212 1530 1247 1585 et
1258 1519 1454 1589 sacerdotes
1467 1536 1684 1611 ungerentur
1697 1526 1742 1594 ad
1759 1525 1966 1597 electionem
1982 1523 2092 1600 buius

1674 1423 1748 1490 nim
1764 1424 1833 1493 suit
1849 1427 2022 1520 antiquis,
2048 1441 2091 1500 ut

56 1594 204 1684 angelos
225 1590 314 1679 Dei,
345 1594 506 1664 custodes
527 1585 655 1661 harum
678 1589 870 1681 agminum.
929 1582 1050 1676 Quare
1101 1617 1269 1688 munem·

58 1718 136 1764 nou
166 1688 357 1789 sequamur
387 1692 586 1785 exemplum
616 1716 756 1776 eorum,
792 1691 856 1784 qni
884 1686 1051 1758 Musicen

57 1795 263 1886 negligunt,
295 1794 491 1888 sed'potius
505 1795 693 1864 excitemus
709 1792 859 1862 canendi
881 1788 1050 1868 studium,

59 1910 94 1967 et
108 1897 280 1991 exemplis
304 1910 340 1970 ιι
360 1896 549 1968 dulcedine
570 1894 767 1966 canninum
786 1892 977 1964 invitemus
994 1890 1051 1959 iu-

57 2011 241 2070 ventutem
265 2013 299 2070 et
320 2000 512 2092 populum,
543 2012 583 2070 ut
607 2020 644 2068 se
667 1998 711 2066 ad
735 1995 984 2086 cogitationem
1007 1992 1052 2060 de

59 2096 139 2171 Deo
153 2095 212 2171 his
229 2100 373 2173 musicis
394 2098 568 2171 exercitiis
582 2101 787 2170 accendant.
822 2092 901 2167 Etr.

76 2572 148 2649 No.
165 2567 279 2645 7092.
894 2605 946 2621 -
977 2604 1029 2620 -

66 2669 283 2706 m

354 2774 429 2863 De
452 2772 747 2889 depositione.
779 2815 781 2820 ·

131 2954 172 3012 Ex
185 2955 271 3010 libro:
290 2949 333 3006 De
346 2969 364 3004 o
381 2950 387 2965 '
407 2950 462 3023 ine,
480 2953 575 3020 causis,
592 2961 660 3024 typo
672 2961 698 3006 et
712 2948 875 3008 ceremoniis
888 2948 962 3004 illius
976 2949 1055 3016 ritus,

187 3022 214 3077 ui
229 3021 275 3078 vul
295 3037 312 3072 o
323 3019 353 3073 in
365 3040 378 3074 s
413 3020 465 3080 dis
475 3019 617 3093 Deposilio
629 3039 642 3072 a
698 3020 786 3084 llalur,
804 3029 856 3078 ele.
867 3027 981 3076 auclore
992 3019 1056 3074 Fri·

166 3042 262 3149 de'ricti
327 3090 470 3144 itebrando
488 3039 663 3144 ..Mucxi
690 3087 738 3144 111.

64 3260 257 3339 Iudicium
284 3252 467 3347 reverendi
490 3266 527 3329 et
548 3256 753 3330 clarissimi
777 3256 866 3346 riri,
895 3254 1059 3331 Domini

65 3362 294 3463 Philippi
327 3355 686 3448 Melunlbonis,
722 3358 808 3457 piac
842 3369 873 3429 cl
905 3372 1056 3433 sunctae

66 3468 285 3554 memoriae,
310 3460 353 3537 de
366 3460 606 3563 Deposilione
622 3463 662 3533 in
675 3458 888 3535 Acudemiis
903 3461 1054 3539 usitata.

67 3625 341 3713 Nazianzenus
360 3643 498 3712 narrat,
523 3631 591 3700 sibi
608 3627 676 3700 hoc
690 3625 841 3702 Athenis
858 3630 1066 3718 contigisse„

65 3739 133 3811 ubi
149 3736 219 3807 fuit
233 3735 320 3805 olirn
337 3733 562 3830 celeberrima
579 3730 787 3816 Academia,
813 3755 893 3801 cum
911 3733 1054 3801 balneas

64 3842 190 3914 fuisset
205 3837 394 3926 ingressus,
418 3846 640 3925 agnoverunt
654 3857 734 3903 eum
750 3833 893 3927 quidam
909 3857 951 3902 ex
965 3827 1054 3902 Pbi-

66 3936 248 4034 losopbis,
268 3938 342 4032 ¹qui
375 3949 460 4007 tunc
492 3961 563 4006 nna
592 3937 756 4020 aderant,
793 3946 843 4019 et,
873 3949 1051 4025 arreptum

69 4069 169 4123 eum,
194 4063 285 4134 aqua
302 4038 430 4128 frigida
448 4041 678 4129 perfuderunt
696 4061 736 4107 ac
753 4059 879 4126 corpus
900 4038 1051 4128 quadam

69 4143 256 4238 nigredine
284 4141 537 4214 deformarunt.
598 4137 697 4209 ldem'
727 4139 892 4212 accidisse
917 4134 1051 4209 Basilio

67 4248 224 4339 Magno,
249 4256 397 4315 testatur
413 4242 487 4335 ipse
502 4243 608 4314 idem.
805 4236 807 4245 '

170 4418 282 4502 Vetus
302 4428 421 4521 itaque
444 4451 521 4498 mos
544 4428 627 4511 luit,
652 4441 686 4497 ει
710 4422 827 4496 adbuc
840 4438 892 4496 est
905 4424 942 4494 in
960 4420 1052 4494 Aca·

65 4534 215 4616 demiis,
240 4544 281 4601 ut
301 4553 477 4600 novorum
497 4524 684 4610 bominum
709 4552 770 4598 sen
786 4526 1051 4620 discipulorum,

67 4632 373 4724 Beanorumque,
407 4629 471 4724 qui
504 4656 539 4702 se
571 4633 610 4700 in
637 4630 864 4701 Academiam
897 4630 1050 4722 aliquam

66 4739 276 4821 conferunt,
308 4734 449 4824 ingenia
478 4735 690 4829 quibusdam
714 4732 874 4805 ridiculis
898 4753 1051 4799 ceremo-

66 4841 139 4912 niis
155 4862 198 4909 ae
215 4836 760 4928 vexationibus,explorarentur,
784 4847 889 4927 atque
910 4830 1050 4901 mitiora

55 4942 315 5015 redderentur.
365 4936 481 5008 Simul
501 4951 615 5008 autem
630 4950 751 5006 monet
763 4931 850 5006 haec
866 4933 1002 5004 vexatio
1018 4948 1053 5006 et

65 5040 204 5127 illusio,
225 5040 354 5111 multas
370 5039 518 5109 iniurias
534 5053 568 5110 et
585 5039 807 5109 difficultates
822 5037 861 5105 in
877 5035 977 5106 omni
993 5058 1053 5125 ge·

1103 2205 1162 2262 tur
1177 2187 1228 2284 *).

875 2661 1046 2693 m
1084 2694 1087 2699 γ

1203 1749 1300 1824 Haec
1313 1757 1434 1827 omnia
1450 1757 1673 1830 considerare
1688 1762 1793 1834 debet
1807 1767 1887 1856 pius
1902 1763 2093 1851 studiosus,
2193 1782 2198 1793 ⁴

1103 1865 1137 1923 et
1153 1851 1203 1923 ita
1217 1877 1336 1945 regere
1353 1856 1482 1944 vitam,
1508 1874 1547 1931 ut
1564 1874 1598 1932 et
1612 1857 1788 1935 Ecclesiae
1805 1880 1840 1937 et
1857 1864 2092 1958 Reipublicae

1102 1956 1233 2048 prosit,
1260 1971 1294 2029 et
1308 1953 1515 2033 honorificet
1533 1960 1662 2033 Deum.

1207 2088 1377 2165 Simul'et
1401 2094 1564 2167 doctrina
1584 2097 1807 2188 singulorum
1830 2095 1890 2172 bic
1914 2102 2095 2174 examine-

1109 2365 1335 2381 ——-—--——

1138 2471 1168 2543 A)
1193 2473 1302 2541 Liceat,
1330 2475 1376 2531 bic
1396 2477 1431 2529 de
1453 2475 1632 2550 depositionis
1652 2478 1707 2533 ritu
1725 2492 1760 2532 ex
1776 2478 1872 2536 eodem
1892 2481 1982 2553 libro,
2005 2502 2096 2555 equo

1172 2542 1238 2597 baec
1249 2542 1383 2627 descripta
1395 2555 1470 2614 esest,
1487 2545 1604 2603 adiicere
1615 2548 1757 2621 quaedam,
1773 2565 1858 2620 quum
1872 2550 1941 2607 liber
1953 2554 2009 2624 ipsc
2022 2554 2096 2611 inter
2204 2615 2211 2629 p

1173 2610 1291 2667 rariores
1307 2624 1341 2668 ιιι
1358 2614 1553 2671 numerandos.

1176 2738 1181 2745 '
1207 2731 1394 2796 Deposutons's
1416 2734 1627 2802 (aistetensem)
1653 2728 1738 2799 ritus,
1765 2749 1822 2804 quo
1846 2733 1894 2797 qui
1918 2747 2040 2793 recentes
2067 2741 2097 2794 in

1174 2800 1352 2857 Academiam
1370 2802 1529 2870 veniebant,
1548 2802 1643 2856 Beoni
1658 2799 1723 2854 dicti
1738 2802 1794 2868 (¹⁸¹),
1818 2800 1998 2859 initiabantur
2013 2826 2029 2860 a
2045 2827 2097 2862 so·

1175 2869 1241 2936 ciis,
1265 2869 1305 2922 sic
1322 2888 1351 2922 se
1365 2869 1473 2940 babuit,
1498 2880 1528 2922 ut
1544 2888 1633 2924 novus
1646 2869 1837 2935 scholasticus,
1861 2875 2002 2928 cornubus
2013 2875 2097 2949 capiti

1173 2956 1226 2993 suo
1237 2940 1380 3007 appositis,
1405 2939 1587 3009 deponeretur
1600 2937 1629 2990 in
1644 2937 1751 3002 tabula,
1775 2949 1802 2991 et
1814 2957 1830 2993 a
1844 2944 2005 3003 depositore
2043 2947 2097 3000 ad.

1174 3008 1331 3062 iuvantibus
1350 3007 1408 3061 aliis
1420 3006 1517 3076 sociis,
1541 3006 1724 3060 mundabatur
1736 3018 1762 3060 et
1775 3006 1972 3078 corrigebatur.
2010 2982 2097 3069 liabet

1175 3076 1223 3131 ille
1242 3076 1313 3130 liber
1326 3077 1359 3130 de
1374 3074 1542 3147 depositione
1554 3074 1635 3129 baeer
1658 3077 1826 3144 „Depositio
1839 3086 1879 3129 est
1892 3078 1959 3132 ritus
1973 3079 2001 3133 in
2014 3084 2098 3136 sebo·

1175 3145 1209 3200 lis
1221 3146 1350 3215 usitatus,
1366 3165 1381 3200 a
1393 3145 1543 3198 maioribus
1556 3143 1705 3216 institutus,
1723 3143 1794 3197 lusui
1807 3143 1901 3198 iocoso
1915 3165 1970 3202 non
1983 3151 2097 3206 absimi-

1177 3215 1263 3268 lis-
1281 3247 1317 3261 -
1334 3233 1389 3286 quo
1414 3213 1535 3267 animum
1559 3212 1665 3268 avitiis
1687 3211 1797 3285 purgari
1825 3212 1970 3269 voluerunt
1988 3219 2039 3288 ita,
2065 3232 2097 3277 ue

1174 3285 1298 3339 membra
1320 3283 1452 3337 exteriora
1479 3283 1542 3350 [usu
1560 3281 1638 3348 salis,
1663 3293 1693 3335 ut
1712 3300 1744 3336 ex
1762 3281 1821 3335 aliis
1840 3282 2029 3357 colligendum
2041 3291 2097 3359 ιιι]

1175 3371 1190 3406 ι
1205 3352 1332 3407 sordibus
1347 3351 1513 3405 mundantur
1527 3370 1542 3405 a
1557 3349 1744 3419 depositione,
1763 3350 1870 3419 singula
1882 3353 1965 3407 armis
1979 3359 2037 3413 suis
2051 3370 2096 3412 at·

1175 3432 1311 3489 tentante,
1341 3429 1367 3474 et
1387 3419 1521 3473 nodosum
1545 3419 1660 3473 distorto
1680 3420 1780 3473 robore
1800 3427 1932 3474 truncum
1954 3426 2097 3495 tondente,

1175 3500 1296 3547 secante.
1321 3489 1452 3555 radente,
1478 3487 1597 3546 lavante.
1623 3488 1770 3559 levigante,
1796 3486 1925 3556 limante,
1949 3494 2096 3564 scalpente,

1175 3557 1333 3627 scalpente,
1351 3557 1494 3620 scabente,
1514 3565 1650 3621 tornante,
1666 3558 1828 3628 terebrante,
1844 3556 1992 3629 dividente,
2012 3581 2096 3619 com.

1174 3635 1310 3698 ponente,
1335 3626 1465 3691 fricante,
1489 3622 1651 3693 dedolante,
1678 3640 1810 3691 currum,
1841 3626 1914 3697 quod
1934 3639 1991 3701 est,
2019 3644 2095 3690 recte
2131 3656 2135 3661 ·

1174 3694 1324 3766 ponente.’'
1342 3723 1379 3736 -
1412 3695 1446 3747 In
1463 3693 1584 3748 carmine
1600 3693 1633 3746 de
1647 3694 1744 3746 eodem
1760 3693 1832 3762 rito,
1850 3696 1924 3766 qnod
1938 3696 2038 3753 ibidem
2051 3702 2095 3756 le·

1174 3764 1400 3888 piturlepnsilipm
1407 3763 1496 3886 ¹pipios
1510 3760 1580 3843 ιίιιιι
1598 3778 1657 3816 ιιιι
1669 3760 1786 3830 dicitur,
1803 3773 1833 3816 ut
1847 3781 1936 3824 novus
1950 3766 2093 3825 sebolasti.

1173 3850 1352 3888 cuseause
1375 3851 1405 3886 su
1448 3851 1501 3886 msa
1515 3849 1634 3903 spirans:

1205 3965 1381 4035 „Depositns
1397 3965 1534 4036 longeque
1583 3961 1637 4019 adu
1653 3963 1785 4020 inferiore
1801 3963 1906 4020 locatus

1204 4036 1319 4108 Serpere
1338 4035 1422 4089 discat
1438 4033 1531 4096 bumi,
1591 4033 1729 4104 uiamque
1746 4035 1885 4088 remittere
1902 4037 2023 4111 supplex,

1206 4103 1247 4157 Ne
1265 4107 1338 4157 solet
1354 4112 1416 4156 ante
1434 4101 1507 4156 diem
1526 4103 1651 4157 nondum
1671 4103 1856 4157 crescentibus
1875 4101 1934 4169 alis,

1207 4170 1321 4251 Vprbis,
1343 4170 1505 4228 verberibus
1522 4184 1642 4227 mentem
1660 4181 1765 4226 mutare
1782 4180 1903 4226 coactus.

1241 4309 1292 4365 llic
1310 4309 1389 4363 armis
1408 4326 1477 4380 opus
1496 4319 1551 4377 est,
1573 4308 1655 4368 variis
1673 4326 1744 4382 opus
1760 4307 1957 4380 instrumentis,

1206 4378 1268 4435 Huc
1286 4378 1389 4433 directa
1407 4377 1473 4431 mibi
1491 4387 1548 4433 tota
1567 4388 1622 4449 est,
1643 4396 1723 4451 quam
1741 4386 1845 4445 tracto,
1869 4379 2017 4452 suppellex,

1207 4448 1339 4515 Horrida,
1363 4445 1490 4501 materiae
1508 4446 1620 4515 similis,
1644 4447 1688 4502 cui
1707 4445 1798 4500 forma
1816 4458 1938 4519 paratur,

1206 4517 1300 4578 Serra,
1322 4517 1446 4578 dolabra,
1463 4516 1575 4576 bidens,
1593 4516 1675 4586 dens,
1693 4517 1780 4582 clm,
1801 4518 1948 4590 novacula,
1965 4530 2077 4592 pecten,-

1208 4587 1281 4639 Cum
1299 4585 1405 4640 terebra
1422 4595 1535 4653 toruus,
1554 4603 1617 4642 curn
1636 4585 1702 4639 lima
1722 4582 1848 4648 malleus,
1866 4586 1944 4642 incus

1206 4655 1357 4725 Rastcaque
1379 4670 1442 4706 cum
1462 4655 1572 4717 rostris.
1597 4672 1658 4710 cum
1678 4652 1754 4707 furca
1772 4661 1799 4706 et
1816 4651 1923 4728 forcipe
1940 4626 2046 4729 iorpea,
2106 4699 2109 4703 .

1205 4723 1255 4778 llis
1273 4741 1323 4793 ego
1343 4722 1488 4783 distortum
1509 4724 1616 4776 nodoso
1635 4721 1734 4774 robore
1754 4729 1886 4776 truncum

1205 4791 1338 4859 Tondeo,
1355 4792 1459 4861 tundo,
1475 4807 1557 4854 seeo,
1574 4792 1656 4856 rado,
1674 4790 1750 4852 lavo,
1767 4790 1872 4863 levigo,
1887 4793 1963 4861 limo,

1206 4860 1321 4929 Scalpo,
1337 4860 1449 4932 sculpo,
1465 4861 1564 4929 scabo,
1581 4857 1673 4921 iddio,
1691 4867 1769 4925 tero,
1785 4869 1885 4928 torno,
1902 4864 2022 4930 terebro,

1206 4928 1324 4992 Divido,
1342 4948 1495 5000 compono,
1511 4929 1597 4992 irico,
1615 4926 1732 4995 dedolo,
1751 4929 1837 4997 cudo,
1849 4933 1967 4997 'recudo,

1204 5001 1234 5055 st
1253 5015 1322 5071 qua,
1339 4998 1544 5064 invenerim,
1561 5010 1616 5054 tam
1635 5014 1726 5053 masao
1744 5016 1759 5053 s
1776 4998 1868 5071 stipite
1885 5003 1987 5070 possim

1204 5071 1323 5142 Fingere
1336 5067 1517 5138 Mercurium,
1534 5079 1561 5124 et
1573 5067 1648 5139 quod
1660 5084 1778 5123 cursura
1791 5078 1830 5122 est
1843 5087 1945 5141 ponere
1958 5068 2091 5127 rectum.”

67 5168 155 5217 nere
176 5143 271 5212 vitae
292 5153 326 5213 et
345 5143 569 5211 vocationum
596 5141 770 5226 accidere,
794 5161 922 5232 easque
941 5160 1052 5229 aequo
1105 5196 1306 5212 ,....-..

66 5252 192 5318 animo
213 5243 392 5327 ferendas,
417 5265 462 5312 ne
483 5243 573 5312 forte
592 5242 630 5310 in
650 5241 764 5316 maius
781 5241 915 5311 malum
932 5239 1053 5308 incur-

68 5372 126 5422 ras
139 5360 202 5419 tua
223 5345 453 5438 impatientia.
506 5342 614 5415 Ferre
630 5345 768 5414 minora
784 5343 887 5443 volo,
912 5364 956 5410 ne
973 5361 1052 5430 gra·

120 5454 305 5525 Μιιιιτιι.
332 5450 439 5516 Orsa·
463 5451 547 5519 voc.
573 5450 634 5529 X„

1174 5296 1209 5351 (ι’)
1228 5292 1306 5337 Bessi
1316 5289 1464 5336 vocabulum
1477 5296 1555 5335 ortusn
1569 5303 1621 5336 esse
1636 5298 1736 5349 pacatur
1746 5305 1776 5336 ex
1789 5292 1880 5352 gallico
1892 5288 2002 5353 idicens,
2020 5302 2090 5355 quast

1208 5361 1347 5417 cce-jme
1362 5365 1554 5423 (mamam),
1571 5360 1655 5417 quales
1667 5368 1722 5427 sunt
1734 5361 1853 5410 oriculae.

1457 5433 1480 5502 7

1447 5684 1504 5698 .—
