<?xml version="1.0" encoding="UTF-8"?>
<!DOCTYPE html PUBLIC "-//W3C//DTD XHTML 1.0 Transitional//EN"
    "http://www.w3.org/TR/xhtml1/DTD/xhtml1-transitional.dtd">
<html xmlns="http://www.w3.org/1999/xhtml" xml:lang="en" lang="en">
 <head>
  <title>
</title>
<meta http-equiv="Content-Type" content="text/html;charset=utf-8" />
  <meta name='ocr-system' content='tesseract 3.04.00' />
  <meta name='ocr-capabilities' content='ocr_page ocr_carea ocr_par ocr_line ocrx_word'/>
</head>
<body>
  <div class='ocr_page' id='page_1' title='image "./corpusreformato02melagoog/corpusreformato02melagoog_0129.png"; bbox 0 0 4546 5760; ppageno 0'>
   <div class='ocr_carea' id='block_1_1' title="bbox 184 136 2221 267">
    <p class='ocr_par' dir='ltr' id='par_1_1' title="bbox 184 136 2221 267">
     <span class='ocr_line' id='line_1_1' title="bbox 184 136 2221 267; baseline 0.002 -35"><span class='ocrx_word' id='word_1_1' title='bbox 184 155 268 233; x_wconf 77' lang='lat' dir='ltr'>ets</span> <span class='ocrx_word' id='word_1_2' title='bbox 420 182 423 187; x_wconf 95' lang='lat'><em>·</em></span> <span class='ocrx_word' id='word_1_3' title='bbox 544 138 911 223; x_wconf 69' lang='lat' dir='ltr'>sceleratae</span> <span class='ocrx_word' id='word_1_4' title='bbox 945 138 1142 219; x_wconf 80' lang='lat' dir='ltr'>VITAM</span> <span class='ocrx_word' id='word_1_5' title='bbox 1170 136 1240 219; x_wconf 78' lang='grc' dir='ltr'>ΕΤ</span> <span class='ocrx_word' id='word_1_6' title='bbox 1273 142 1512 229; x_wconf 82' lang='lat' dir='ltr'>ostruat</span> <span class='ocrx_word' id='word_1_7' title='bbox 1539 150 1846 267; x_wconf 28' lang='lat' dir='ltr'>‚assaturis</span> <span class='ocrx_word' id='word_1_8' title='bbox 2145 165 2221 243; x_wconf 74' lang='lat'>220</span> 
     </span>
    </p>
   </div>
   <div class='ocr_carea' id='block_1_2' title="bbox 189 316 2265 1027">
    <p class='ocr_par' dir='ltr' id='par_1_2' title="bbox 189 316 2265 729">
     <span class='ocr_line' id='line_1_2' title="bbox 189 316 2245 433; baseline 0.004 -33"><span class='ocrx_word' id='word_1_9' title='bbox 189 330 293 401; x_wconf 74' lang='lat' dir='ltr'>&#39;illius</span> <span class='ocrx_word' id='word_1_10' title='bbox 319 322 463 405; x_wconf 87' lang='lat' dir='ltr'>ultima,</span> <span class='ocrx_word' id='word_1_11' title='bbox 489 344 577 391; x_wconf 82' lang='lat' dir='ltr'>nam</span> <span class='ocrx_word' id='word_1_12' title='bbox 600 344 640 391; x_wconf 90' lang='lat' dir='ltr'>ea</span> <span class='ocrx_word' id='word_1_13' title='bbox 660 344 767 417; x_wconf 89' lang='lat' dir='ltr'>quam</span> <span class='ocrx_word' id='word_1_14' title='bbox 793 321 836 390; x_wconf 89' lang='lat' dir='ltr'>ad</span> <span class='ocrx_word' id='word_1_15' title='bbox 871 316 1052 391; x_wconf 85' lang='lat' dir='ltr'>Paschatis</span> <span class='ocrx_word' id='word_1_16' title='bbox 1084 319 1180 391; x_wconf 90' lang='lat' dir='ltr'>diem</span> <span class='ocrx_word' id='word_1_17' title='bbox 1232 323 1351 396; x_wconf 88' lang='lat' dir='ltr'>bendo</span> <span class='ocrx_word' id='word_1_18' title='bbox 1366 326 1538 414; x_wconf 88' lang='lat' dir='ltr'>absolvit,</span> <span class='ocrx_word' id='word_1_19' title='bbox 1560 334 1657 425; x_wconf 89' lang='lat' dir='ltr'>qnod</span> <span class='ocrx_word' id='word_1_20' title='bbox 1672 333 1839 407; x_wconf 86' lang='lat' dir='ltr'>ultimum</span> <span class='ocrx_word' id='word_1_21' title='bbox 1859 349 1911 408; x_wconf 86' lang='lat' dir='ltr'>est</span> <span class='ocrx_word' id='word_1_22' title='bbox 1925 360 1967 409; x_wconf 82' lang='lat' dir='ltr'>ex</span> <span class='ocrx_word' id='word_1_23' title='bbox 1990 334 2035 411; x_wconf 90' lang='lat' dir='ltr'>iis</span> <span class='ocrx_word' id='word_1_24' title='bbox 2066 358 2159 433; x_wconf 85' lang='lat' dir='ltr'>quse</span> <span class='ocrx_word' id='word_1_25' title='bbox 2180 338 2245 409; x_wconf 81' lang='lat' dir='ltr'>act·</span> 
     </span>
     <span class='ocr_line' id='line_1_3' title="bbox 195 424 2265 535; baseline 0.006 -34"><span class='ocrx_word' id='word_1_26' title='bbox 195 428 435 501; x_wconf 70' lang='lat' dir='ltr'><strong>meditabatur</strong></span> <span class='ocrx_word' id='word_1_27' title='bbox 462 425 631 514; x_wconf 85' lang='lat' dir='ltr'>impedita</span> <span class='ocrx_word' id='word_1_28' title='bbox 655 424 742 503; x_wconf 84' lang='lat' dir='ltr'>tuit,</span> <span class='ocrx_word' id='word_1_29' title='bbox 774 437 815 494; x_wconf 92' lang='lat' dir='ltr'>nt</span> <span class='ocrx_word' id='word_1_30' title='bbox 838 437 956 515; x_wconf 84' lang='lat' dir='ltr'>postea</span> <span class='ocrx_word' id='word_1_31' title='bbox 977 424 1183 506; x_wconf 79' lang='lat' dir='ltr'>referemus,</span> <span class='ocrx_word' id='word_1_32' title='bbox 1235 424 1413 516; x_wconf 89' lang='lat' dir='ltr'>publicam</span> <span class='ocrx_word' id='word_1_33' title='bbox 1427 428 1613 503; x_wconf 89' lang='lat' dir='ltr'>lectionem</span> <span class='ocrx_word' id='word_1_34' title='bbox 1627 438 1787 527; x_wconf 87' lang='lat' dir='ltr'>scripsit,</span> <span class='ocrx_word' id='word_1_35' title='bbox 1811 454 1846 512; x_wconf 92' lang='lat' dir='ltr'>et</span> <span class='ocrx_word' id='word_1_36' title='bbox 1863 440 1969 535; x_wconf 84' lang='lat' dir='ltr'>quale</span> <span class='ocrx_word' id='word_1_37' title='bbox 1981 442 2030 513; x_wconf 88' lang='lat' dir='ltr'>sit</span> <span class='ocrx_word' id='word_1_38' title='bbox 2044 464 2129 513; x_wconf 87' lang='lat' dir='ltr'>cum</span> <span class='ocrx_word' id='word_1_39' title='bbox 2146 438 2220 513; x_wconf 84' lang='lat' dir='ltr'>edi·</span> <span class='ocrx_word' id='word_1_40' title='bbox 2261 492 2265 531; x_wconf 73' lang='lat'>,</span> 
     </span>
     <span class='ocr_line' id='line_1_4' title="bbox 196 518 2264 624; baseline 0.003 -23"><span class='ocrx_word' id='word_1_41' title='bbox 196 534 299 621; x_wconf 79' lang='lat' dir='ltr'>Quae</span> <span class='ocrx_word' id='word_1_42' title='bbox 309 527 394 597; x_wconf 90' lang='lat' dir='ltr'>ideo</span> <span class='ocrx_word' id='word_1_43' title='bbox 411 526 515 596; x_wconf 89' lang='lat' dir='ltr'>etiam</span> <span class='ocrx_word' id='word_1_44' title='bbox 532 524 904 611; x_wconf 76' lang='lat' dir='ltr'>commemoravimus,</span> <span class='ocrx_word' id='word_1_45' title='bbox 919 539 961 595; x_wconf 92' lang='lat' dir='ltr'>ut</span> <span class='ocrx_word' id='word_1_46' title='bbox 978 539 1142 596; x_wconf 89' lang='lat' dir='ltr'>constans</span> <span class='ocrx_word' id='word_1_47' title='bbox 1149 518 1181 618; x_wconf 81' lang='lat'>⁸)</span> <span class='ocrx_word' id='word_1_48' title='bbox 1234 544 1310 601; x_wconf 89' lang='lat' dir='ltr'>tum</span> <span class='ocrx_word' id='word_1_49' title='bbox 1325 545 1434 617; x_wconf 85' lang='lat' dir='ltr'>extet,</span> <span class='ocrx_word' id='word_1_50' title='bbox 1450 530 1610 624; x_wconf 82' lang='lat' dir='ltr'>&#39;legentes</span> <span class='ocrx_word' id='word_1_51' title='bbox 1629 538 1849 616; x_wconf 89' lang='lat' dir='ltr'>iudicabunt.</span> <span class='ocrx_word' id='word_1_52' title='bbox 2261 538 2264 543; x_wconf 77' lang='grc'><strong>’</strong></span> 
     </span>
     <span class='ocr_line' id='line_1_5' title="bbox 193 622 1336 729; baseline -0.011 -24"><span class='ocrx_word' id='word_1_53' title='bbox 193 632 352 705; x_wconf 87' lang='lat' dir='ltr'>studium</span> <span class='ocrx_word' id='word_1_54' title='bbox 376 624 482 699; x_wconf 89' lang='lat' dir='ltr'>huius</span> <span class='ocrx_word' id='word_1_55' title='bbox 505 628 659 697; x_wconf 74' lang='lat' dir='ltr'>nas-andi</span> <span class='ocrx_word' id='word_1_56' title='bbox 685 650 829 717; x_wconf 84' lang='lat' dir='ltr'>operam</span> <span class='ocrx_word' id='word_1_57' title='bbox 847 622 1044 711; x_wconf 76' lang='lat' dir='ltr'><strong>Ecclesiae,</strong></span> <span class='ocrx_word' id='word_1_58' title='bbox 1070 640 1104 697; x_wconf 91' lang='lat' dir='ltr'>et</span> <span class='ocrx_word' id='word_1_59' title='bbox 1126 650 1184 694; x_wconf 90' lang='lat' dir='ltr'>re-</span> <span class='ocrx_word' id='word_1_60' title='bbox 1304 658 1336 729; x_wconf 71' lang='lat' dir='ltr'>(s</span> 
     </span>
    </p>

    <p class='ocr_par' dir='ltr' id='par_1_3' title="bbox 195 678 1369 1027">
     <span class='ocr_line' id='line_1_6' title="bbox 195 678 1369 816; baseline -0.007 -13"><span class='ocrx_word' id='word_1_61' title='bbox 195 738 263 803; x_wconf 81' lang='lat' dir='ltr'>hus</span> <span class='ocrx_word' id='word_1_62' title='bbox 281 732 548 813; x_wconf 85' lang='lat' dir='ltr'>cummunihus,</span> <span class='ocrx_word' id='word_1_63' title='bbox 573 743 607 798; x_wconf 89' lang='lat' dir='ltr'>et</span> <span class='ocrx_word' id='word_1_64' title='bbox 630 727 813 816; x_wconf 75' lang='lat' dir='ltr'>diligentia</span> <span class='ocrx_word' id='word_1_65' title='bbox 832 729 871 796; x_wconf 86' lang='lat' dir='ltr'>in</span> <span class='ocrx_word' id='word_1_66' title='bbox 896 728 1012 797; x_wconf 73' lang='lat' dir='ltr'>‹stficio</span> <span class='ocrx_word' id='word_1_67' title='bbox 1039 741 1073 800; x_wconf 86' lang='lat' dir='ltr'>et</span> <span class='ocrx_word' id='word_1_68' title='bbox 1096 728 1184 798; x_wconf 82' lang='lat' dir='ltr'>atsi·</span> <span class='ocrx_word' id='word_1_69' title='bbox 1335 678 1369 783; x_wconf 61' lang='lat' dir='ltr'>ii</span> 
     </span>
     <span class='ocr_line' id='line_1_7' title="bbox 195 830 1185 920; baseline -0.008 -16"><span class='ocrx_word' id='word_1_70' title='bbox 195 834 314 905; x_wconf 89' lang='lat' dir='ltr'>duitas</span> <span class='ocrx_word' id='word_1_71' title='bbox 338 831 533 901; x_wconf 76' lang='lat' dir='ltr'>industriae</span> <span class='ocrx_word' id='word_1_72' title='bbox 561 830 780 898; x_wconf 88' lang='lat' dir='ltr'>incredibilis</span> <span class='ocrx_word' id='word_1_73' title='bbox 803 830 913 918; x_wconf 89' lang='lat' dir='ltr'>magis</span> <span class='ocrx_word' id='word_1_74' title='bbox 929 830 1185 920; x_wconf 86' lang='lat' dir='ltr'>conspiciatur,</span> 
     </span>
     <span class='ocr_line' id='line_1_8' title="bbox 198 930 1185 1027; baseline -0.008 -22"><span class='ocrx_word' id='word_1_75' title='bbox 198 960 279 1005; x_wconf 89' lang='lat' dir='ltr'>curn</span> <span class='ocrx_word' id='word_1_76' title='bbox 295 930 382 1003; x_wconf 90' lang='lat' dir='ltr'>haee</span> <span class='ocrx_word' id='word_1_77' title='bbox 397 956 508 1027; x_wconf 90' lang='lat' dir='ltr'>usque</span> <span class='ocrx_word' id='word_1_78' title='bbox 523 935 566 1001; x_wconf 88' lang='lat' dir='ltr'>ad</span> <span class='ocrx_word' id='word_1_79' title='bbox 590 945 785 1001; x_wconf 83' lang='lat' dir='ltr'>extremum</span> <span class='ocrx_word' id='word_1_80' title='bbox 809 932 1041 1021; x_wconf 85' lang='lat' dir='ltr'>praestiterit,</span> <span class='ocrx_word' id='word_1_81' title='bbox 1066 947 1100 1002; x_wconf 88' lang='lat' dir='ltr'>et</span> <span class='ocrx_word' id='word_1_82' title='bbox 1114 944 1185 999; x_wconf 88' lang='lat' dir='ltr'>sta-</span> 
     </span>
    </p>
   </div>
   <div class='ocr_carea' id='block_1_3' title="bbox 194 1034 2220 1227">
    <p class='ocr_par' dir='ltr' id='par_1_4' title="bbox 194 1034 2220 1227">
     <span class='ocr_line' id='line_1_9' title="bbox 194 1034 2216 1164; baseline -0.014 -56"><span class='ocrx_word' id='word_1_83' title='bbox 194 1040 353 1119; x_wconf 84' lang='lat' dir='ltr'>tionem,</span> <span class='ocrx_word' id='word_1_84' title='bbox 384 1051 488 1127; x_wconf 88' lang='lat' dir='ltr'>atque</span> <span class='ocrx_word' id='word_1_85' title='bbox 520 1034 637 1102; x_wconf 91' lang='lat' dir='ltr'>locum</span> <span class='ocrx_word' id='word_1_86' title='bbox 662 1056 768 1102; x_wconf 79' lang='lat' dir='ltr'>sctum</span> <span class='ocrx_word' id='word_1_87' title='bbox 791 1056 881 1123; x_wconf 90' lang='lat' dir='ltr'>pene</span> <span class='ocrx_word' id='word_1_88' title='bbox 904 1034 1059 1102; x_wconf 90' lang='lat' dir='ltr'>moriens</span> <span class='ocrx_word' id='word_1_89' title='bbox 1084 1035 1185 1101; x_wconf 89' lang='lat' dir='ltr'>dese·</span> <span class='ocrx_word' id='word_1_90' title='bbox 1326 1092 1335 1109; x_wconf 83' lang='grc'><em>,</em></span> <span class='ocrx_word' id='word_1_91' title='bbox 1650 1095 1663 1164; x_wconf 65' lang='lat'>1</span> <span class='ocrx_word' id='word_1_92' title='bbox 1946 1104 1956 1123; x_wconf 33' lang='grc' dir='ltr'>ι</span> <span class='ocrx_word' id='word_1_93' title='bbox 2005 1108 2008 1113; x_wconf 27' lang='grc' dir='ltr'>Ι</span> <span class='ocrx_word' id='word_1_94' title='bbox 2081 1106 2092 1125; x_wconf 36' lang='grc' dir='ltr'><strong><em>ο</em></strong></span> <span class='ocrx_word' id='word_1_95' title='bbox 2213 1098 2216 1111; x_wconf 41' lang='grc' dir='ltr'>Ι</span> 
     </span>
     <span class='ocr_line' id='line_1_10' title="bbox 196 1102 2220 1227; baseline -0.014 -17"><span class='ocrx_word' id='word_1_96' title='bbox 196 1162 277 1209; x_wconf 85' lang='lat' dir='ltr'>-r-ere</span> <span class='ocrx_word' id='word_1_97' title='bbox 297 1135 462 1207; x_wconf 81' lang='lat' dir='ltr'>noluerit.</span> <span class='ocrx_word' id='word_1_98' title='bbox 514 1133 583 1204; x_wconf 88' lang='lat' dir='ltr'>Die</span> <span class='ocrx_word' id='word_1_99' title='bbox 606 1135 840 1204; x_wconf 88' lang='lat' dir='ltr'>enimoctava</span> <span class='ocrx_word' id='word_1_100' title='bbox 864 1148 942 1227; x_wconf 90' lang='lat' dir='ltr'>post</span> <span class='ocrx_word' id='word_1_101' title='bbox 959 1150 1117 1206; x_wconf 89' lang='lat' dir='ltr'>mortuus</span> <span class='ocrx_word' id='word_1_102' title='bbox 1134 1147 1185 1203; x_wconf 89' lang='lat' dir='ltr'>est</span> <span class='ocrx_word' id='word_1_103' title='bbox 1236 1104 1599 1180; x_wconf 65' lang='lat'>¹⁰¹¹¹¹&#39;⁰¹¹⁰¹¹¹⁸¹&#39;⁸²¹¹‘2</span> <span class='ocrx_word' id='word_1_104' title='bbox 1667 1111 1771 1193; x_wconf 57' lang='lat' dir='ltr'>“que</span> <span class='ocrx_word' id='word_1_105' title='bbox 1792 1102 1838 1170; x_wconf 59' lang='lat' dir='ltr'>Ad</span> <span class='ocrx_word' id='word_1_106' title='bbox 1856 1122 2220 1177; x_wconf 65' lang='lat' dir='ltr'>⁸0ss⁰¹⁰¹¹0mmtm</span> 
     </span>
    </p>
   </div>
   <div class='ocr_carea' id='block_1_4' title="bbox 118 1192 2265 5089">
    <p class='ocr_par' dir='ltr' id='par_1_5' title="bbox 118 1192 2265 5089">
     <span class='ocr_line' id='line_1_11' title="bbox 198 1192 2265 1337; baseline -0.003 -28"><span class='ocrx_word' id='word_1_107' title='bbox 198 1255 239 1311; x_wconf 91' lang='lat' dir='ltr'>ut</span> <span class='ocrx_word' id='word_1_108' title='bbox 253 1238 477 1320; x_wconf 70' lang='lat' dir='ltr'>narrabitur,</span> <span class='ocrx_word' id='word_1_109' title='bbox 503 1261 591 1329; x_wconf 92' lang='lat' dir='ltr'>qnae</span> <span class='ocrx_word' id='word_1_110' title='bbox 609 1236 797 1306; x_wconf 78' lang='lat' dir='ltr'>celebratio</span> <span class='ocrx_word' id='word_1_111' title='bbox 813 1234 857 1305; x_wconf 91' lang='lat' dir='ltr'>ad</span> <span class='ocrx_word' id='word_1_112' title='bbox 876 1236 967 1305; x_wconf 90' lang='lat' dir='ltr'>vitae</span> <span class='ocrx_word' id='word_1_113' title='bbox 981 1237 1092 1327; x_wconf 90' lang='lat' dir='ltr'>ipsius</span> <span class='ocrx_word' id='word_1_114' title='bbox 1110 1260 1182 1304; x_wconf 90' lang='lat' dir='ltr'>non</span> <span class='ocrx_word' id='word_1_115' title='bbox 1236 1192 1335 1335; x_wconf 54' lang='lat' dir='ltr'>plum</span> <span class='ocrx_word' id='word_1_116' title='bbox 1350 1196 1472 1313; x_wconf 59' lang='lat' dir='ltr'>f&#39;plnd&#39;</span> <span class='ocrx_word' id='word_1_117' title='bbox 1490 1197 1720 1319; x_wconf 59' lang='lat' dir='ltr'>df⁸f⁰¹¹dllft</span> <span class='ocrx_word' id='word_1_118' title='bbox 1735 1204 1986 1325; x_wconf 56' lang='lat' dir='ltr'>mY⁵l2¹l⁰f⁰¹f¹</span> <span class='ocrx_word' id='word_1_119' title='bbox 2007 1208 2170 1327; x_wconf 56' lang='lat' dir='ltr'>⁰⁰fip⁰fl³</span> <span class='ocrx_word' id='word_1_120' title='bbox 2189 1220 2220 1329; x_wconf 61' lang='lat' dir='ltr'>fl</span> <span class='ocrx_word' id='word_1_121' title='bbox 2263 1332 2265 1337; x_wconf 23' lang='grc' dir='ltr'>Ι</span> 
     </span>
     <span class='ocr_line' id='line_1_12' title="bbox 196 1290 2265 1441; baseline -0.003 -30"><span class='ocrx_word' id='word_1_122' title='bbox 196 1340 325 1411; x_wconf 89' lang='lat' dir='ltr'>mortis</span> <span class='ocrx_word' id='word_1_123' title='bbox 340 1334 525 1408; x_wconf 89' lang='lat' dir='ltr'>historiam</span> <span class='ocrx_word' id='word_1_124' title='bbox 544 1338 717 1427; x_wconf 90' lang='lat' dir='ltr'>pertinet,</span> <span class='ocrx_word' id='word_1_125' title='bbox 743 1352 778 1407; x_wconf 89' lang='lat' dir='ltr'>et</span> <span class='ocrx_word' id='word_1_126' title='bbox 798 1339 844 1407; x_wconf 90' lang='lat' dir='ltr'>ab</span> <span class='ocrx_word' id='word_1_127' title='bbox 868 1339 947 1407; x_wconf 91' lang='lat' dir='ltr'>aliis</span> <span class='ocrx_word' id='word_1_128' title='bbox 972 1339 1059 1407; x_wconf 87' lang='lat' dir='ltr'>alibi</span> <span class='ocrx_word' id='word_1_129' title='bbox 1082 1362 1187 1430; x_wconf 89' lang='lat' dir='ltr'>prae-</span> <span class='ocrx_word' id='word_1_130' title='bbox 1237 1290 1568 1385; x_wconf 59' lang='lat' dir='ltr'>⁸³⁰3¹¹¹¹¹¹⁵Chr¹⁸²¹</span> <span class='ocrx_word' id='word_1_131' title='bbox 1590 1301 1731 1390; x_wconf 66' lang='lat' dir='ltr'>9¹¹b¹¹⁰²</span> <span class='ocrx_word' id='word_1_132' title='bbox 1757 1328 1838 1374; x_wconf 64' lang='lat'>‘⁰¹¹¹</span> <span class='ocrx_word' id='word_1_133' title='bbox 1863 1306 1987 1379; x_wconf 56' lang='grc' dir='ltr'>ΜΠ*</span> <span class='ocrx_word' id='word_1_134' title='bbox 2013 1308 2095 1379; x_wconf 64' lang='lat'><strong>”¹¹¹⁸</strong></span> <span class='ocrx_word' id='word_1_135' title='bbox 2114 1323 2221 1401; x_wconf 59' lang='grc' dir='ltr'><strong>Ρθῐῑῑ·</strong></span> <span class='ocrx_word' id='word_1_136' title='bbox 2259 1422 2265 1441; x_wconf 29' lang='grc'>.-</span> 
     </span>
     <span class='ocr_line' id='line_1_13' title="bbox 194 1398 1524 1533; baseline -0.005 -19"><span class='ocrx_word' id='word_1_137' title='bbox 194 1441 363 1514; x_wconf 82' lang='lat' dir='ltr'>stabitur.</span> <span class='ocrx_word' id='word_1_138' title='bbox 415 1438 500 1509; x_wconf 89' lang='lat' dir='ltr'>Post</span> <span class='ocrx_word' id='word_1_139' title='bbox 524 1440 708 1507; x_wconf 82' lang='lat' dir='ltr'>meridiem</span> <span class='ocrx_word' id='word_1_140' title='bbox 731 1440 882 1509; x_wconf 88' lang='lat' dir='ltr'>scribere</span> <span class='ocrx_word' id='word_1_141' title='bbox 906 1440 1054 1532; x_wconf 86' lang='lat' dir='ltr'>incepit,</span> <span class='ocrx_word' id='word_1_142' title='bbox 1088 1441 1185 1533; x_wconf 94' lang='lat' dir='ltr'>quod</span> <span class='ocrx_word' id='word_1_143' title='bbox 1238 1398 1524 1488; x_wconf 57' lang='lat' dir='ltr'>⁶⁰p⁸s³⁰¹¹¹⁸e⁸t·</span> 
     </span>
     <span class='ocr_line' id='line_1_14' title="bbox 194 1536 2265 1614; baseline -0.001 0"><span class='ocrx_word' id='word_1_144' title='bbox 194 1546 258 1614; x_wconf 88' lang='lat' dir='ltr'>die</span> <span class='ocrx_word' id='word_1_145' title='bbox 273 1536 461 1611; x_wconf 84' lang='lat' dir='ltr'>Paschatos</span> <span class='ocrx_word' id='word_1_146' title='bbox 483 1565 581 1609; x_wconf 88' lang='lat' dir='ltr'>more</span> <span class='ocrx_word' id='word_1_147' title='bbox 597 1538 808 1609; x_wconf 81' lang='lat' dir='ltr'>Academiae</span> <span class='ocrx_word' id='word_1_148' title='bbox 830 1555 864 1610; x_wconf 92' lang='lat' dir='ltr'>et</span> <span class='ocrx_word' id='word_1_149' title='bbox 879 1537 1056 1611; x_wconf 85' lang='lat' dir='ltr'>Ecclesiae</span> <span class='ocrx_word' id='word_1_150' title='bbox 1079 1536 1187 1610; x_wconf 91' lang='lat' dir='ltr'>huius</span> <span class='ocrx_word' id='word_1_151' title='bbox 2257 1550 2265 1611; x_wconf 71' lang='lat' dir='ltr'>t]</span> 
     </span>
     <span class='ocr_line' id='line_1_15' title="bbox 201 1618 2265 1739; baseline 0.002 -24"><span class='ocrx_word' id='word_1_152' title='bbox 201 1643 397 1715; x_wconf 71' lang='lat' dir='ltr'>solenniter</span> <span class='ocrx_word' id='word_1_153' title='bbox 417 1655 685 1733; x_wconf 85' lang='lat' dir='ltr'>proponeretur.</span> <span class='ocrx_word' id='word_1_154' title='bbox 746 1642 799 1713; x_wconf 92' lang='lat' dir='ltr'>De</span> <span class='ocrx_word' id='word_1_155' title='bbox 824 1644 970 1712; x_wconf 88' lang='lat' dir='ltr'>caeteris</span> <span class='ocrx_word' id='word_1_156' title='bbox 995 1639 1088 1713; x_wconf 91' lang='lat' dir='ltr'>nihil</span> <span class='ocrx_word' id='word_1_157' title='bbox 1113 1667 1187 1709; x_wconf 90' lang='lat' dir='ltr'>me·</span> <span class='ocrx_word' id='word_1_158' title='bbox 1340 1634 1432 1707; x_wconf 86' lang='lat' dir='ltr'>Cum</span> <span class='ocrx_word' id='word_1_159' title='bbox 1445 1638 1484 1708; x_wconf 89' lang='lat' dir='ltr'>in</span> <span class='ocrx_word' id='word_1_160' title='bbox 1500 1639 1672 1730; x_wconf 84' lang='lat' dir='ltr'>templum</span> <span class='ocrx_word' id='word_1_161' title='bbox 1689 1641 1916 1714; x_wconf 78' lang='lat' dir='ltr'>descenderet</span> <span class='ocrx_word' id='word_1_162' title='bbox 1938 1642 2030 1714; x_wconf 89' lang='lat' dir='ltr'>illud</span> <span class='ocrx_word' id='word_1_163' title='bbox 2052 1646 2219 1739; x_wconf 86' lang='lat' dir='ltr'>seriptum</span> <span class='ocrx_word' id='word_1_164' title='bbox 2257 1618 2265 1693; x_wconf 68' lang='lat' dir='ltr'>l</span> 
     </span>
     <span class='ocr_line' id='line_1_16' title="bbox 199 1734 2265 1859; baseline 0 -42"><span class='ocrx_word' id='word_1_165' title='bbox 199 1744 380 1817; x_wconf 90' lang='lat' dir='ltr'>minimus.</span> <span class='ocrx_word' id='word_1_166' title='bbox 439 1743 516 1814; x_wconf 87' lang='lat' dir='ltr'>Sub</span> <span class='ocrx_word' id='word_1_167' title='bbox 544 1757 684 1812; x_wconf 85' lang='lat' dir='ltr'>noctem</span> <span class='ocrx_word' id='word_1_168' title='bbox 716 1737 822 1813; x_wconf 90' lang='lat' dir='ltr'>huius</span> <span class='ocrx_word' id='word_1_169' title='bbox 844 1745 916 1813; x_wconf 90' lang='lat' dir='ltr'>diei</span> <span class='ocrx_word' id='word_1_170' title='bbox 938 1746 1032 1815; x_wconf 91' lang='lat' dir='ltr'>inter</span> <span class='ocrx_word' id='word_1_171' title='bbox 1053 1768 1186 1813; x_wconf 90' lang='lat' dir='ltr'>nonam</span> <span class='ocrx_word' id='word_1_172' title='bbox 1232 1739 1333 1833; x_wconf 90' lang='lat' dir='ltr'>quod</span> <span class='ocrx_word' id='word_1_173' title='bbox 1352 1742 1622 1832; x_wconf 89' lang='lat' dir='ltr'>proponendum</span> <span class='ocrx_word' id='word_1_174' title='bbox 1638 1741 1792 1811; x_wconf 85' lang='lat' dir='ltr'>diximus</span> <span class='ocrx_word' id='word_1_175' title='bbox 1809 1742 1846 1811; x_wconf 93' lang='lat' dir='ltr'>in</span> <span class='ocrx_word' id='word_1_176' title='bbox 1864 1744 2043 1815; x_wconf 88' lang='lat' dir='ltr'>officinam</span> <span class='ocrx_word' id='word_1_177' title='bbox 2059 1761 2221 1843; x_wconf 84' lang='lat' dir='ltr'>typogra-</span> <span class='ocrx_word' id='word_1_178' title='bbox 2257 1734 2265 1859; x_wconf 59' lang='lat' dir='ltr'>j</span> 
     </span>
     <span class='ocr_line' id='line_1_17' title="bbox 201 1836 2265 1938; baseline 0.002 -23"><span class='ocrx_word' id='word_1_179' title='bbox 201 1862 235 1917; x_wconf 90' lang='lat' dir='ltr'>et</span> <span class='ocrx_word' id='word_1_180' title='bbox 261 1844 433 1916; x_wconf 90' lang='lat' dir='ltr'>decimam</span> <span class='ocrx_word' id='word_1_181' title='bbox 458 1844 562 1914; x_wconf 88' lang='lat' dir='ltr'>multi</span> <span class='ocrx_word' id='word_1_182' title='bbox 586 1860 668 1915; x_wconf 92' lang='lat' dir='ltr'>sunt</span> <span class='ocrx_word' id='word_1_183' title='bbox 692 1844 759 1913; x_wconf 85' lang='lat' dir='ltr'>lide</span> <span class='ocrx_word' id='word_1_184' title='bbox 786 1846 884 1936; x_wconf 82' lang='lat' dir='ltr'>digni</span> <span class='ocrx_word' id='word_1_185' title='bbox 909 1841 1091 1929; x_wconf 90' lang='lat' dir='ltr'>homines,</span> <span class='ocrx_word' id='word_1_186' title='bbox 1124 1843 1187 1938; x_wconf 90' lang='lat' dir='ltr'>qui</span> <span class='ocrx_word' id='word_1_187' title='bbox 1240 1836 1380 1928; x_wconf 86' lang='lat' dir='ltr'>phiram</span> <span class='ocrx_word' id='word_1_188' title='bbox 1405 1843 1505 1933; x_wconf 90' lang='lat' dir='ltr'>prius</span> <span class='ocrx_word' id='word_1_189' title='bbox 1527 1842 1655 1913; x_wconf 89' lang='lat' dir='ltr'>detulit</span> <span class='ocrx_word' id='word_1_190' title='bbox 1685 1868 1793 1937; x_wconf 90' lang='lat' dir='ltr'>quam</span> <span class='ocrx_word' id='word_1_191' title='bbox 1815 1848 1859 1915; x_wconf 88' lang='lat' dir='ltr'>ad</span> <span class='ocrx_word' id='word_1_192' title='bbox 1881 1847 2054 1938; x_wconf 87' lang='lat' dir='ltr'>templum</span> <span class='ocrx_word' id='word_1_193' title='bbox 2077 1851 2220 1925; x_wconf 87' lang='lat' dir='ltr'>veniret.</span> <span class='ocrx_word' id='word_1_194' title='bbox 2246 1862 2265 1919; x_wconf 75' lang='lat'>:³</span> 
     </span>
     <span class='ocr_line' id='line_1_18' title="bbox 202 1940 2223 2041; baseline 0.003 -23"><span class='ocrx_word' id='word_1_195' title='bbox 202 1948 380 2018; x_wconf 77' lang='lat' dir='ltr'>affirmant</span> <span class='ocrx_word' id='word_1_196' title='bbox 399 1944 448 2014; x_wconf 85' lang='lat' dir='ltr'>¹se</span> <span class='ocrx_word' id='word_1_197' title='bbox 479 1946 518 2014; x_wconf 90' lang='lat' dir='ltr'>iu</span> <span class='ocrx_word' id='word_1_198' title='bbox 547 1946 703 2016; x_wconf 80' lang='lat' dir='ltr'>rarrhibus</span> <span class='ocrx_word' id='word_1_199' title='bbox 733 1968 839 2037; x_wconf 88' lang='lat' dir='ltr'>supra</span> <span class='ocrx_word' id='word_1_200' title='bbox 862 1947 1035 2037; x_wconf 92' lang='lat' dir='ltr'>oppidum</span> <span class='ocrx_word' id='word_1_201' title='bbox 1061 1944 1188 2016; x_wconf 90' lang='lat' dir='ltr'>Wite·</span> <span class='ocrx_word' id='word_1_202' title='bbox 1240 1940 1395 2011; x_wconf 89' lang='lat' dir='ltr'>Domum</span> <span class='ocrx_word' id='word_1_203' title='bbox 1429 1966 1610 2025; x_wconf 90' lang='lat' dir='ltr'>reversus,</span> <span class='ocrx_word' id='word_1_204' title='bbox 1649 1944 1688 2011; x_wconf 90' lang='lat' dir='ltr'>in</span> <span class='ocrx_word' id='word_1_205' title='bbox 1721 1947 1874 2037; x_wconf 89' lang='lat' dir='ltr'>prandio</span> <span class='ocrx_word' id='word_1_206' title='bbox 1907 1972 2033 2039; x_wconf 89' lang='lat' dir='ltr'>parum</span> <span class='ocrx_word' id='word_1_207' title='bbox 2063 1953 2223 2041; x_wconf 79' lang='lat' dir='ltr'>comedit,</span> 
     </span>
     <span class='ocr_line' id='line_1_19' title="bbox 201 2044 2222 2140; baseline 0.001 -19"><span class='ocrx_word' id='word_1_208' title='bbox 201 2052 348 2138; x_wconf 88' lang='lat' dir='ltr'>bergam</span> <span class='ocrx_word' id='word_1_209' title='bbox 376 2049 596 2117; x_wconf 82' lang='lat' dir='ltr'>manifestam</span> <span class='ocrx_word' id='word_1_210' title='bbox 629 2047 779 2137; x_wconf 88' lang='lat' dir='ltr'>speciem</span> <span class='ocrx_word' id='word_1_211' title='bbox 804 2048 982 2137; x_wconf 87' lang='lat' dir='ltr'>virgamm</span> <span class='ocrx_word' id='word_1_212' title='bbox 1003 2050 1040 2117; x_wconf 92' lang='lat' dir='ltr'>in</span> <span class='ocrx_word' id='word_1_213' title='bbox 1066 2069 1188 2140; x_wconf 88' lang='lat' dir='ltr'>scopas</span> <span class='ocrx_word' id='word_1_214' title='bbox 1239 2069 1322 2113; x_wconf 86' lang='lat' dir='ltr'>mox</span> <span class='ocrx_word' id='word_1_215' title='bbox 1338 2044 1489 2134; x_wconf 87' lang='lat' dir='ltr'>languor</span> <span class='ocrx_word' id='word_1_216' title='bbox 1504 2068 1687 2136; x_wconf 83' lang='lat' dir='ltr'>augescere</span> <span class='ocrx_word' id='word_1_217' title='bbox 1700 2061 1735 2116; x_wconf 90' lang='lat' dir='ltr'>et</span> <span class='ocrx_word' id='word_1_218' title='bbox 1753 2061 1886 2120; x_wconf 88' lang='lat' dir='ltr'>caetera</span> <span class='ocrx_word' id='word_1_219' title='bbox 1901 2050 2020 2119; x_wconf 91' lang='lat' dir='ltr'>omnia</span> <span class='ocrx_word' id='word_1_220' title='bbox 2043 2052 2222 2125; x_wconf 84' lang='lat' dir='ltr'>febrisrc-</span> 
     </span>
     <span class='ocr_line' id='line_1_20' title="bbox 197 2145 2223 2243; baseline 0.002 -22"><span class='ocrx_word' id='word_1_221' title='bbox 197 2152 447 2239; x_wconf 83' lang='lat' dir='ltr'>colligatarnm</span> <span class='ocrx_word' id='word_1_222' title='bbox 468 2149 616 2234; x_wconf 86' lang='lat' dir='ltr'>vidisse,</span> <span class='ocrx_word' id='word_1_223' title='bbox 649 2162 685 2218; x_wconf 86' lang='lat' dir='ltr'>et</span> <span class='ocrx_word' id='word_1_224' title='bbox 707 2149 863 2240; x_wconf 89' lang='lat' dir='ltr'>primum</span> <span class='ocrx_word' id='word_1_225' title='bbox 887 2152 1045 2243; x_wconf 91' lang='lat' dir='ltr'>quinque</span> <span class='ocrx_word' id='word_1_226' title='bbox 1069 2150 1189 2234; x_wconf 76' lang='lat' dir='ltr'>fasces,</span> <span class='ocrx_word' id='word_1_227' title='bbox 1240 2145 1439 2215; x_wconf 91' lang='lat' dir='ltr'>cursionem</span> <span class='ocrx_word' id='word_1_228' title='bbox 1455 2162 1585 2219; x_wconf 89' lang='lat' dir='ltr'>certam</span> <span class='ocrx_word' id='word_1_229' title='bbox 1599 2146 1807 2235; x_wconf 83' lang='lat' dir='ltr'>significare.</span> <span class='ocrx_word' id='word_1_230' title='bbox 1857 2148 1943 2220; x_wconf 89' lang='lat' dir='ltr'>Post</span> <span class='ocrx_word' id='word_1_231' title='bbox 1958 2150 2223 2227; x_wconf 88' lang='lat' dir='ltr'>meridiembo-</span> 
     </span>
     <span class='ocr_line' id='line_1_21' title="bbox 205 2247 2224 2351; baseline 0.001 -30"><span class='ocrx_word' id='word_1_232' title='bbox 205 2254 265 2321; x_wconf 91' lang='lat' dir='ltr'>sed</span> <span class='ocrx_word' id='word_1_233' title='bbox 291 2252 431 2321; x_wconf 91' lang='lat' dir='ltr'>duobus</span> <span class='ocrx_word' id='word_1_234' title='bbox 464 2251 612 2319; x_wconf 90' lang='lat' dir='ltr'>celerius</span> <span class='ocrx_word' id='word_1_235' title='bbox 637 2253 944 2332; x_wconf 83' lang='lat' dir='ltr'>evanescentibus,</span> <span class='ocrx_word' id='word_1_236' title='bbox 975 2262 1094 2342; x_wconf 89' lang='lat' dir='ltr'>postea</span> <span class='ocrx_word' id='word_1_237' title='bbox 1118 2266 1188 2323; x_wconf 88' lang='lat' dir='ltr'>tres</span> <span class='ocrx_word' id='word_1_238' title='bbox 1241 2269 1316 2318; x_wconf 80' lang='lat' dir='ltr'>rens</span> <span class='ocrx_word' id='word_1_239' title='bbox 1341 2247 1481 2320; x_wconf 91' lang='lat' dir='ltr'>circiter</span> <span class='ocrx_word' id='word_1_240' title='bbox 1502 2250 1692 2320; x_wconf 89' lang='lat' dir='ltr'>secundam</span> <span class='ocrx_word' id='word_1_241' title='bbox 1714 2250 1842 2319; x_wconf 91' lang='lat' dir='ltr'>iterum</span> <span class='ocrx_word' id='word_1_242' title='bbox 1865 2252 1903 2320; x_wconf 91' lang='lat' dir='ltr'>in</span> <span class='ocrx_word' id='word_1_243' title='bbox 1924 2252 2103 2325; x_wconf 85' lang='lat' dir='ltr'>officinam</span> <span class='ocrx_word' id='word_1_244' title='bbox 2124 2270 2224 2351; x_wconf 78' lang='lat' dir='ltr'>typo-</span> 
     </span>
     <span class='ocr_line' id='line_1_22' title="bbox 204 2342 2223 2447; baseline 0.002 -23"><span class='ocrx_word' id='word_1_245' title='bbox 204 2352 383 2424; x_wconf 86' lang='lat' dir='ltr'>distinctis</span> <span class='ocrx_word' id='word_1_246' title='bbox 399 2352 525 2441; x_wconf 83' lang='lat' dir='ltr'>spaciis</span> <span class='ocrx_word' id='word_1_247' title='bbox 541 2352 762 2442; x_wconf 85' lang='lat' dir='ltr'>apparuisse,</span> <span class='ocrx_word' id='word_1_248' title='bbox 788 2352 837 2422; x_wconf 91' lang='lat' dir='ltr'>ita</span> <span class='ocrx_word' id='word_1_249' title='bbox 852 2368 889 2423; x_wconf 90' lang='lat' dir='ltr'>nt</span> <span class='ocrx_word' id='word_1_250' title='bbox 902 2354 992 2421; x_wconf 89' lang='lat' dir='ltr'>rami</span> <span class='ocrx_word' id='word_1_251' title='bbox 1010 2354 1188 2442; x_wconf 88' lang='lat' dir='ltr'>virgarum</span> <span class='ocrx_word' id='word_1_252' title='bbox 1240 2342 1445 2441; x_wconf 80' lang='lat' dir='ltr'>graphicum</span> <span class='ocrx_word' id='word_1_253' title='bbox 1459 2350 1567 2436; x_wconf 90' lang='lat' dir='ltr'>abiit,</span> <span class='ocrx_word' id='word_1_254' title='bbox 1588 2363 1629 2422; x_wconf 91' lang='lat' dir='ltr'>ut</span> <span class='ocrx_word' id='word_1_255' title='bbox 1643 2350 1779 2420; x_wconf 88' lang='lat' dir='ltr'>videret</span> <span class='ocrx_word' id='word_1_256' title='bbox 1793 2352 1878 2445; x_wconf 88' lang='lat' dir='ltr'>quid</span> <span class='ocrx_word' id='word_1_257' title='bbox 1900 2366 1935 2423; x_wconf 86' lang='lat' dir='ltr'>et</span> <span class='ocrx_word' id='word_1_258' title='bbox 1947 2358 2132 2447; x_wconf 77' lang='grc' dir='ltr'>φιοῐῐιοᾶο</span> <span class='ocrx_word' id='word_1_259' title='bbox 2155 2358 2223 2429; x_wconf 81' lang='lat' dir='ltr'>els-</span> 
     </span>
     <span class='ocr_line' id='line_1_23' title="bbox 205 2450 2222 2551; baseline 0.002 -26"><span class='ocrx_word' id='word_1_260' title='bbox 205 2480 266 2525; x_wconf 81' lang='lat' dir='ltr'>seu</span> <span class='ocrx_word' id='word_1_261' title='bbox 292 2476 477 2544; x_wconf 86' lang='lat' dir='ltr'>scoparum</span> <span class='ocrx_word' id='word_1_262' title='bbox 497 2467 598 2544; x_wconf 89' lang='lat' dir='ltr'>parte</span> <span class='ocrx_word' id='word_1_263' title='bbox 623 2454 800 2523; x_wconf 90' lang='lat' dir='ltr'>anteriore</span> <span class='ocrx_word' id='word_1_264' title='bbox 816 2454 1069 2544; x_wconf 83' lang='lat' dir='ltr'>septentrioni,</span> <span class='ocrx_word' id='word_1_265' title='bbox 1118 2451 1189 2521; x_wconf 89' lang='lat' dir='ltr'>Po·</span> <span class='ocrx_word' id='word_1_266' title='bbox 1240 2452 1444 2534; x_wconf 81' lang='lat' dir='ltr'>beraretur,</span> <span class='ocrx_word' id='word_1_267' title='bbox 1469 2475 1514 2520; x_wconf 90' lang='lat' dir='ltr'>ne</span> <span class='ocrx_word' id='word_1_268' title='bbox 1527 2450 1559 2521; x_wconf 93' lang='lat' dir='ltr'>si</span> <span class='ocrx_word' id='word_1_269' title='bbox 1575 2452 1791 2523; x_wconf 86' lang='lat' dir='ltr'>cessantibus</span> <span class='ocrx_word' id='word_1_270' title='bbox 1806 2454 1924 2543; x_wconf 92' lang='lat' dir='ltr'>operis</span> <span class='ocrx_word' id='word_1_271' title='bbox 1938 2456 2047 2527; x_wconf 91' lang='lat' dir='ltr'>editio</span> <span class='ocrx_word' id='word_1_272' title='bbox 2073 2457 2222 2551; x_wconf 86' lang='lat' dir='ltr'>impedi-</span> 
     </span>
     <span class='ocr_line' id='line_1_24' title="bbox 206 2551 2224 2644; baseline 0.002 -19"><span class='ocrx_word' id='word_1_273' title='bbox 206 2556 352 2627; x_wconf 87' lang='lat' dir='ltr'>steriore</span> <span class='ocrx_word' id='word_1_274' title='bbox 383 2579 456 2644; x_wconf 88' lang='lat' dir='ltr'>qua</span> <span class='ocrx_word' id='word_1_275' title='bbox 488 2555 719 2643; x_wconf 90' lang='lat' dir='ltr'>colligantur,</span> <span class='ocrx_word' id='word_1_276' title='bbox 756 2571 876 2624; x_wconf 90' lang='lat' dir='ltr'>austro</span> <span class='ocrx_word' id='word_1_277' title='bbox 908 2558 1190 2624; x_wconf 89' lang='lat' dir='ltr'>obverterentur.</span> <span class='ocrx_word' id='word_1_278' title='bbox 1241 2565 1339 2621; x_wconf 90' lang='lat' dir='ltr'>retur</span> <span class='ocrx_word' id='word_1_279' title='bbox 1362 2551 1530 2623; x_wconf 89' lang='lat' dir='ltr'>inusitata</span> <span class='ocrx_word' id='word_1_280' title='bbox 1547 2551 1585 2621; x_wconf 92' lang='lat' dir='ltr'>in</span> <span class='ocrx_word' id='word_1_281' title='bbox 1601 2551 1792 2622; x_wconf 86' lang='lat' dir='ltr'>Academia</span> <span class='ocrx_word' id='word_1_282' title='bbox 1816 2556 2019 2627; x_wconf 83' lang='lat' dir='ltr'>deformitas</span> <span class='ocrx_word' id='word_1_283' title='bbox 2032 2573 2224 2643; x_wconf 84' lang='lat' dir='ltr'>notaretur,</span> 
     </span>
     <span class='ocr_line' id='line_1_25' title="bbox 205 2650 2259 2753; baseline 0.002 -25"><span class='ocrx_word' id='word_1_284' title='bbox 205 2658 259 2728; x_wconf 78' lang='lat' dir='ltr'>tte</span> <span class='ocrx_word' id='word_1_285' title='bbox 274 2682 345 2749; x_wconf 89' lang='lat' dir='ltr'>quo</span> <span class='ocrx_word' id='word_1_286' title='bbox 360 2655 522 2745; x_wconf 83' lang='lat' dir='ltr'>prodigio</span> <span class='ocrx_word' id='word_1_287' title='bbox 539 2681 618 2723; x_wconf 80' lang='lat' dir='ltr'>curn</span> <span class='ocrx_word' id='word_1_288' title='bbox 636 2652 681 2724; x_wconf 90' lang='lat' dir='ltr'>D.</span> <span class='ocrx_word' id='word_1_289' title='bbox 700 2650 889 2745; x_wconf 86' lang='lat' dir='ltr'>Philippus</span> <span class='ocrx_word' id='word_1_290' title='bbox 905 2657 1115 2750; x_wconf 80' lang='lat' dir='ltr'>audivisset,</span> <span class='ocrx_word' id='word_1_291' title='bbox 1141 2655 1189 2723; x_wconf 90' lang='lat' dir='ltr'>it&#39;a</span> <span class='ocrx_word' id='word_1_292' title='bbox 1243 2650 1445 2723; x_wconf 88' lang='lat' dir='ltr'>etdebitnm</span> <span class='ocrx_word' id='word_1_293' title='bbox 1462 2654 1538 2723; x_wconf 91' lang='lat' dir='ltr'>eius</span> <span class='ocrx_word' id='word_1_294' title='bbox 1552 2653 1625 2722; x_wconf 92' lang='lat' dir='ltr'>diei</span> <span class='ocrx_word' id='word_1_295' title='bbox 1639 2666 1674 2723; x_wconf 91' lang='lat' dir='ltr'>et</span> <span class='ocrx_word' id='word_1_296' title='bbox 1690 2656 1856 2747; x_wconf 89' lang='lat' dir='ltr'>temporis</span> <span class='ocrx_word' id='word_1_297' title='bbox 1864 2658 2020 2729; x_wconf 86' lang='lat' dir='ltr'>officium</span> <span class='ocrx_word' id='word_1_298' title='bbox 2037 2684 2114 2731; x_wconf 89' lang='lat' dir='ltr'>non</span> <span class='ocrx_word' id='word_1_299' title='bbox 2129 2686 2224 2753; x_wconf 86' lang='lat' dir='ltr'>prse-</span> <span class='ocrx_word' id='word_1_300' title='bbox 2255 2670 2259 2683; x_wconf 92' lang='lat'>&#39;</span> 
     </span>
     <span class='ocr_line' id='line_1_26' title="bbox 205 2755 2225 2853; baseline 0.005 -27"><span class='ocrx_word' id='word_1_301' title='bbox 205 2756 276 2827; x_wconf 84' lang='lat' dir='ltr'>ime</span> <span class='ocrx_word' id='word_1_302' title='bbox 299 2758 550 2845; x_wconf 81' lang='lat' dir='ltr'>iuterpretatur</span> <span class='ocrx_word' id='word_1_303' title='bbox 574 2756 661 2835; x_wconf 86' lang='lat' dir='ltr'>luit,</span> <span class='ocrx_word' id='word_1_304' title='bbox 692 2770 731 2825; x_wconf 89' lang='lat' dir='ltr'>ut</span> <span class='ocrx_word' id='word_1_305' title='bbox 763 2758 893 2826; x_wconf 86' lang='lat' dir='ltr'>diceret</span> <span class='ocrx_word' id='word_1_306' title='bbox 927 2759 1030 2826; x_wconf 91' lang='lat' dir='ltr'>nobis</span> <span class='ocrx_word' id='word_1_307' title='bbox 1064 2778 1191 2846; x_wconf 87' lang='lat' dir='ltr'>paenas</span> <span class='ocrx_word' id='word_1_308' title='bbox 1242 2768 1413 2838; x_wconf 90' lang='lat' dir='ltr'>staretur,</span> <span class='ocrx_word' id='word_1_309' title='bbox 1443 2769 1548 2848; x_wconf 89' lang='lat' dir='ltr'>atque</span> <span class='ocrx_word' id='word_1_310' title='bbox 1582 2755 1621 2824; x_wconf 91' lang='lat' dir='ltr'>in</span> <span class='ocrx_word' id='word_1_311' title='bbox 1643 2756 1795 2846; x_wconf 89' lang='lat' dir='ltr'>publicis</span> <span class='ocrx_word' id='word_1_312' title='bbox 1828 2760 1981 2847; x_wconf 84' lang='lat' dir='ltr'>negotiis</span> <span class='ocrx_word' id='word_1_313' title='bbox 2015 2764 2225 2853; x_wconf 84' lang='lat' dir='ltr'>negligentis</span> 
     </span>
     <span class='ocr_line' id='line_1_27' title="bbox 206 2854 2225 2952; baseline 0.003 -24"><span class='ocrx_word' id='word_1_314' title='bbox 206 2859 374 2951; x_wconf 89' lang='lat' dir='ltr'>portendi</span> <span class='ocrx_word' id='word_1_315' title='bbox 390 2870 563 2945; x_wconf 89' lang='lat' dir='ltr'>paternas,</span> <span class='ocrx_word' id='word_1_316' title='bbox 588 2856 671 2948; x_wconf 89' lang='lat' dir='ltr'>quia</span> <span class='ocrx_word' id='word_1_317' title='bbox 688 2858 804 2947; x_wconf 86' lang='lat' dir='ltr'>virgae</span> <span class='ocrx_word' id='word_1_318' title='bbox 821 2872 956 2944; x_wconf 88' lang='lat' dir='ltr'>essent,</span> <span class='ocrx_word' id='word_1_319' title='bbox 982 2858 1111 2952; x_wconf 87' lang='lat' dir='ltr'>quibus</span> <span class='ocrx_word' id='word_1_320' title='bbox 1128 2881 1191 2949; x_wconf 90' lang='lat' dir='ltr'>pa·</span> <span class='ocrx_word' id='word_1_321' title='bbox 1243 2856 1358 2947; x_wconf 89' lang='lat' dir='ltr'>aliqua</span> <span class='ocrx_word' id='word_1_322' title='bbox 1383 2856 1516 2948; x_wconf 90' lang='lat' dir='ltr'>culpari</span> <span class='ocrx_word' id='word_1_323' title='bbox 1543 2872 1675 2947; x_wconf 89' lang='lat' dir='ltr'>posset,</span> <span class='ocrx_word' id='word_1_324' title='bbox 1708 2854 1794 2927; x_wconf 89' lang='lat' dir='ltr'>haee</span> <span class='ocrx_word' id='word_1_325' title='bbox 1819 2860 1945 2931; x_wconf 91' lang='lat' dir='ltr'>ultima</span> <span class='ocrx_word' id='word_1_326' title='bbox 1976 2862 2075 2933; x_wconf 89' lang='lat' dir='ltr'>illius</span> <span class='ocrx_word' id='word_1_327' title='bbox 2097 2866 2169 2937; x_wconf 82' lang='lat' dir='ltr'>tute</span> <span class='ocrx_word' id='word_1_328' title='bbox 2191 2868 2225 2936; x_wconf 87' lang='lat' dir='ltr'>in</span> 
     </span>
     <span class='ocr_line' id='line_1_28' title="bbox 206 2957 2226 3057; baseline 0.002 -23"><span class='ocrx_word' id='word_1_329' title='bbox 206 2974 326 3034; x_wconf 81' lang='lat' dir='ltr'>rentes</span> <span class='ocrx_word' id='word_1_330' title='bbox 342 2960 384 3028; x_wconf 90' lang='lat' dir='ltr'>ad</span> <span class='ocrx_word' id='word_1_331' title='bbox 401 2958 532 3027; x_wconf 88' lang='lat' dir='ltr'>liberos</span> <span class='ocrx_word' id='word_1_332' title='bbox 547 2970 715 3042; x_wconf 91' lang='lat' dir='ltr'>utuntur,</span> <span class='ocrx_word' id='word_1_333' title='bbox 741 2984 813 3028; x_wconf 93' lang='lat' dir='ltr'>non</span> <span class='ocrx_word' id='word_1_334' title='bbox 829 2961 957 3049; x_wconf 85' lang='lat' dir='ltr'>gladii,</span> <span class='ocrx_word' id='word_1_335' title='bbox 983 2976 1018 3031; x_wconf 90' lang='lat' dir='ltr'>et</span> <span class='ocrx_word' id='word_1_336' title='bbox 1037 2984 1073 3028; x_wconf 89' lang='lat' dir='ltr'>sc</span> <span class='ocrx_word' id='word_1_337' title='bbox 1089 2958 1192 3029; x_wconf 89' lang='lat' dir='ltr'>steri·</span> <span class='ocrx_word' id='word_1_338' title='bbox 1243 2957 1424 3049; x_wconf 93' lang='lat' dir='ltr'>publicum</span> <span class='ocrx_word' id='word_1_339' title='bbox 1450 2958 1663 3049; x_wconf 81' lang='lat' dir='ltr'>progressio,</span> <span class='ocrx_word' id='word_1_340' title='bbox 1696 2957 1788 3030; x_wconf 88' lang='lat' dir='ltr'>Nam</span> <span class='ocrx_word' id='word_1_341' title='bbox 1810 2964 1916 3030; x_wconf 92' lang='lat' dir='ltr'>domo</span> <span class='ocrx_word' id='word_1_342' title='bbox 1941 2962 2004 3033; x_wconf 91' lang='lat' dir='ltr'>ille</span> <span class='ocrx_word' id='word_1_343' title='bbox 2024 2986 2088 3037; x_wconf 88' lang='lat' dir='ltr'>sua</span> <span class='ocrx_word' id='word_1_344' title='bbox 2112 2982 2226 3057; x_wconf 85' lang='lat' dir='ltr'>postet</span> 
     </span>
     <span class='ocr_line' id='line_1_29' title="bbox 118 3057 2225 3158; baseline 0.004 -27"><span class='ocrx_word' id='word_1_345' title='bbox 118 3089 121 3093; x_wconf 93' lang='lat'>·</span> <span class='ocrx_word' id='word_1_346' title='bbox 206 3063 342 3132; x_wconf 85' lang='lat' dir='ltr'>litatem</span> <span class='ocrx_word' id='word_1_347' title='bbox 360 3083 524 3149; x_wconf 84' lang='lat' dir='ltr'>agrormn</span> <span class='ocrx_word' id='word_1_348' title='bbox 541 3073 697 3128; x_wconf 88' lang='lat' dir='ltr'>metuere</span> <span class='ocrx_word' id='word_1_349' title='bbox 712 3060 940 3149; x_wconf 84' lang='lat' dir='ltr'>significahat.</span> <span class='ocrx_word' id='word_1_350' title='bbox 992 3061 1061 3132; x_wconf 87' lang='lat' dir='ltr'>Sed</span> <span class='ocrx_word' id='word_1_351' title='bbox 1080 3057 1193 3130; x_wconf 91' lang='lat' dir='ltr'>hosti·</span> <span class='ocrx_word' id='word_1_352' title='bbox 1245 3083 1318 3127; x_wconf 91' lang='lat' dir='ltr'>non</span> <span class='ocrx_word' id='word_1_353' title='bbox 1341 3072 1394 3128; x_wconf 91' lang='lat' dir='ltr'>est</span> <span class='ocrx_word' id='word_1_354' title='bbox 1417 3082 1576 3149; x_wconf 85' lang='lat' dir='ltr'>egressus</span> <span class='ocrx_word' id='word_1_355' title='bbox 1589 3061 1753 3152; x_wconf 89' lang='lat' dir='ltr'>amplius.</span> <span class='ocrx_word' id='word_1_356' title='bbox 1805 3060 1883 3133; x_wconf 87' lang='lat' dir='ltr'>Sub</span> <span class='ocrx_word' id='word_1_357' title='bbox 1907 3059 1975 3135; x_wconf 92' lang='lat' dir='ltr'>hoc</span> <span class='ocrx_word' id='word_1_358' title='bbox 1995 3078 2156 3158; x_wconf 87' lang='lat' dir='ltr'>tempus,</span> <span class='ocrx_word' id='word_1_359' title='bbox 2178 3070 2225 3139; x_wconf 84' lang='lat' dir='ltr'>se-</span> 
     </span>
     <span class='ocr_line' id='line_1_30' title="bbox 208 3160 2265 3261; baseline 0.004 -28"><span class='ocrx_word' id='word_1_360' title='bbox 208 3166 278 3233; x_wconf 92' lang='lat' dir='ltr'>bus</span> <span class='ocrx_word' id='word_1_361' title='bbox 316 3162 454 3231; x_wconf 89' lang='lat' dir='ltr'>dicebat</span> <span class='ocrx_word' id='word_1_362' title='bbox 488 3160 695 3248; x_wconf 88' lang='lat' dir='ltr'>impendent</span> <span class='ocrx_word' id='word_1_363' title='bbox 728 3164 913 3236; x_wconf 88' lang='lat' dir='ltr'>atrociora.</span> <span class='ocrx_word' id='word_1_364' title='bbox 980 3160 1191 3252; x_wconf 86' lang='lat' dir='ltr'>Saepissime</span> <span class='ocrx_word' id='word_1_365' title='bbox 1244 3160 1347 3229; x_wconf 90' lang='lat' dir='ltr'>brilis</span> <span class='ocrx_word' id='word_1_366' title='bbox 1369 3160 1592 3256; x_wconf 78' lang='lat' dir='ltr'>paroxysmi,</span> <span class='ocrx_word' id='word_1_367' title='bbox 1634 3162 1732 3255; x_wconf 91' lang='lat' dir='ltr'>quasi</span> <span class='ocrx_word' id='word_1_368' title='bbox 1758 3176 2000 3237; x_wconf 87' lang='lat' dir='ltr'>antecursores</span> <span class='ocrx_word' id='word_1_369' title='bbox 2024 3168 2225 3261; x_wconf 86' lang='lat' dir='ltr'>quidamei</span> <span class='ocrx_word' id='word_1_370' title='bbox 2263 3234 2265 3241; x_wconf 93' lang='lat'>.</span> 
     </span>
     <span class='ocr_line' id='line_1_31' title="bbox 209 3260 2265 3358; baseline 0.006 -27"><span class='ocrx_word' id='word_1_371' title='bbox 209 3264 379 3333; x_wconf 73' lang='lat' dir='ltr'>serdille</span> <span class='ocrx_word' id='word_1_372' title='bbox 404 3260 613 3331; x_wconf 88' lang='lat' dir='ltr'>anteetiam</span> <span class='ocrx_word' id='word_1_373' title='bbox 639 3263 804 3332; x_wconf 89' lang='lat' dir='ltr'>morbum</span> <span class='ocrx_word' id='word_1_374' title='bbox 821 3266 865 3334; x_wconf 91' lang='lat' dir='ltr'>de</span> <span class='ocrx_word' id='word_1_375' title='bbox 880 3264 1094 3353; x_wconf 88' lang='lat' dir='ltr'>gravissimis</span> <span class='ocrx_word' id='word_1_376' title='bbox 1108 3286 1193 3354; x_wconf 90' lang='lat' dir='ltr'>pae·</span> <span class='ocrx_word' id='word_1_377' title='bbox 1245 3261 1385 3330; x_wconf 91' lang='lat' dir='ltr'>molesti</span> <span class='ocrx_word' id='word_1_378' title='bbox 1407 3286 1499 3348; x_wconf 86' lang='lat' dir='ltr'>esse,</span> <span class='ocrx_word' id='word_1_379' title='bbox 1531 3264 1701 3353; x_wconf 80' lang='lat' dir='ltr'>languor,</span> <span class='ocrx_word' id='word_1_380' title='bbox 1733 3264 1962 3358; x_wconf 89' lang='lat' dir='ltr'>inquietudo,</span> <span class='ocrx_word' id='word_1_381' title='bbox 1993 3270 2227 3353; x_wconf 77' lang='lat' dir='ltr'>oscitationes.</span> <span class='ocrx_word' id='word_1_382' title='bbox 2263 3288 2265 3295; x_wconf 89' lang='lat'>&#39;</span> 
     </span>
     <span class='ocr_line' id='line_1_32' title="bbox 209 3361 2265 3467; baseline 0.004 -32"><span class='ocrx_word' id='word_1_383' title='bbox 209 3365 266 3435; x_wconf 92' lang='lat' dir='ltr'>nis</span> <span class='ocrx_word' id='word_1_384' title='bbox 280 3363 502 3445; x_wconf 88' lang='lat' dir='ltr'>concionari,</span> <span class='ocrx_word' id='word_1_385' title='bbox 524 3377 627 3455; x_wconf 89' lang='lat' dir='ltr'>atque</span> <span class='ocrx_word' id='word_1_386' title='bbox 641 3361 1037 3458; x_wconf 79' lang='lat' dir='ltr'>praedicere⁷)solehat</span> <span class='ocrx_word' id='word_1_387' title='bbox 1054 3365 1194 3455; x_wconf 88' lang='lat' dir='ltr'>pnblice</span> <span class='ocrx_word' id='word_1_388' title='bbox 1245 3376 1386 3433; x_wconf 88' lang='lat' dir='ltr'>artuum</span> <span class='ocrx_word' id='word_1_389' title='bbox 1411 3365 1605 3438; x_wconf 88' lang='lat' dir='ltr'>contentio.</span> <span class='ocrx_word' id='word_1_390' title='bbox 1667 3364 1787 3460; x_wconf 89' lang='lat' dir='ltr'>ltaque</span> <span class='ocrx_word' id='word_1_391' title='bbox 1814 3368 1876 3437; x_wconf 88' lang='lat' dir='ltr'>ille</span> <span class='ocrx_word' id='word_1_392' title='bbox 1910 3370 2170 3467; x_wconf 83' lang='lat' dir='ltr'>aliquantisper</span> <span class='ocrx_word' id='word_1_393' title='bbox 2193 3374 2227 3443; x_wconf 87' lang='lat' dir='ltr'>in</span> <span class='ocrx_word' id='word_1_394' title='bbox 2263 3458 2265 3465; x_wconf 28' lang='grc' dir='ltr'>Ι</span> 
     </span>
     <span class='ocr_line' id='line_1_33' title="bbox 207 3464 2229 3563; baseline 0.005 -27"><span class='ocrx_word' id='word_1_395' title='bbox 207 3480 245 3538; x_wconf 89' lang='lat' dir='ltr'>et</span> <span class='ocrx_word' id='word_1_396' title='bbox 266 3464 452 3555; x_wconf 89' lang='lat' dir='ltr'>privatim,</span> <span class='ocrx_word' id='word_1_397' title='bbox 477 3487 567 3557; x_wconf 87' lang='lat' dir='ltr'>quae</span> <span class='ocrx_word' id='word_1_398' title='bbox 589 3465 699 3535; x_wconf 87' lang='lat' dir='ltr'>nostri</span> <span class='ocrx_word' id='word_1_399' title='bbox 722 3465 830 3536; x_wconf 85' lang='lat' dir='ltr'>seculi</span> <span class='ocrx_word' id='word_1_400' title='bbox 845 3466 1094 3557; x_wconf 89' lang='lat' dir='ltr'>petulantiam,</span> <span class='ocrx_word' id='word_1_401' title='bbox 1118 3491 1194 3535; x_wconf 90' lang='lat' dir='ltr'>ma·</span> <span class='ocrx_word' id='word_1_402' title='bbox 1246 3488 1428 3535; x_wconf 87' lang='lat' dir='ltr'>scamnum</span> <span class='ocrx_word' id='word_1_403' title='bbox 1446 3468 1674 3553; x_wconf 88' lang='lat' dir='ltr'>decumbere,</span> <span class='ocrx_word' id='word_1_404' title='bbox 1699 3492 1782 3537; x_wconf 84' lang='lat' dir='ltr'>mox</span> <span class='ocrx_word' id='word_1_405' title='bbox 1797 3468 1880 3537; x_wconf 91' lang='lat' dir='ltr'>inde</span> <span class='ocrx_word' id='word_1_406' title='bbox 1903 3493 2064 3563; x_wconf 85' lang='lat' dir='ltr'>surgere,</span> <span class='ocrx_word' id='word_1_407' title='bbox 2090 3474 2130 3545; x_wconf 90' lang='lat' dir='ltr'>iu</span> <span class='ocrx_word' id='word_1_408' title='bbox 2153 3498 2229 3547; x_wconf 86' lang='lat' dir='ltr'>mn·</span> 
     </span>
     <span class='ocr_line' id='line_1_34' title="bbox 207 3566 2265 3677; baseline 0.004 -39"><span class='ocrx_word' id='word_1_409' title='bbox 207 3568 347 3648; x_wconf 89' lang='lat' dir='ltr'>liciam,</span> <span class='ocrx_word' id='word_1_410' title='bbox 374 3566 639 3655; x_wconf 79' lang='lat' dir='ltr'>profanitatem,</span> <span class='ocrx_word' id='word_1_411' title='bbox 665 3566 867 3653; x_wconf 80' lang='lat' dir='ltr'>idolatriae,</span> <span class='ocrx_word' id='word_1_412' title='bbox 889 3582 925 3639; x_wconf 89' lang='lat' dir='ltr'>et</span> <span class='ocrx_word' id='word_1_413' title='bbox 950 3569 1087 3638; x_wconf 84' lang='lat' dir='ltr'>infinita</span> <span class='ocrx_word' id='word_1_414' title='bbox 1120 3590 1195 3637; x_wconf 88' lang='lat' dir='ltr'>sce·</span> <span class='ocrx_word' id='word_1_415' title='bbox 1246 3591 1324 3637; x_wconf 91' lang='lat' dir='ltr'>saeo</span> <span class='ocrx_word' id='word_1_416' title='bbox 1346 3568 1543 3650; x_wconf 90' lang='lat' dir='ltr'>obversari,</span> <span class='ocrx_word' id='word_1_417' title='bbox 1576 3568 1681 3637; x_wconf 87' lang='lat' dir='ltr'>etiam</span> <span class='ocrx_word' id='word_1_418' title='bbox 1707 3570 1745 3637; x_wconf 89' lang='lat' dir='ltr'>irs</span> <span class='ocrx_word' id='word_1_419' title='bbox 1768 3594 1956 3642; x_wconf 88' lang='lat' dir='ltr'>commuue</span> <span class='ocrx_word' id='word_1_420' title='bbox 1978 3576 2148 3647; x_wconf 83' lang='lat' dir='ltr'>conclave</span> <span class='ocrx_word' id='word_1_421' title='bbox 2172 3579 2229 3649; x_wconf 87' lang='lat' dir='ltr'>de·</span> <span class='ocrx_word' id='word_1_422' title='bbox 2263 3646 2265 3677; x_wconf 48' lang='grc' dir='ltr'>Ι</span> 
     </span>
     <span class='ocr_line' id='line_1_35' title="bbox 168 3667 2265 3763; baseline 0.004 -22"><span class='ocrx_word' id='word_1_423' title='bbox 168 3690 171 3699; x_wconf 90' lang='grc'><strong>’</strong></span> <span class='ocrx_word' id='word_1_424' title='bbox 207 3671 283 3741; x_wconf 80' lang='lat' dir='ltr'>lesa</span> <span class='ocrx_word' id='word_1_425' title='bbox 308 3668 376 3735; x_wconf 87' lang='lat' dir='ltr'>alia</span> <span class='ocrx_word' id='word_1_426' title='bbox 398 3667 604 3735; x_wconf 90' lang='lat' dir='ltr'>ohruiturae</span> <span class='ocrx_word' id='word_1_427' title='bbox 628 3683 758 3751; x_wconf 90' lang='lat' dir='ltr'>essent,</span> <span class='ocrx_word' id='word_1_428' title='bbox 809 3668 932 3763; x_wconf 84' lang='lat' dir='ltr'>Neque</span> <span class='ocrx_word' id='word_1_429' title='bbox 958 3671 1193 3741; x_wconf 91' lang='lat' dir='ltr'>dubitandum</span> <span class='ocrx_word' id='word_1_430' title='bbox 1247 3669 1433 3753; x_wconf 90' lang='lat' dir='ltr'>scendere,</span> <span class='ocrx_word' id='word_1_431' title='bbox 1459 3682 1564 3761; x_wconf 92' lang='lat' dir='ltr'>atque</span> <span class='ocrx_word' id='word_1_432' title='bbox 1586 3670 1755 3740; x_wconf 89' lang='lat' dir='ltr'>omnibus</span> <span class='ocrx_word' id='word_1_433' title='bbox 1777 3674 1932 3761; x_wconf 85' lang='lat' dir='ltr'>gestibus</span> <span class='ocrx_word' id='word_1_434' title='bbox 1955 3676 2048 3745; x_wconf 91' lang='lat' dir='ltr'>male</span> <span class='ocrx_word' id='word_1_435' title='bbox 2069 3678 2142 3749; x_wconf 88' lang='lat' dir='ltr'>sibi</span> <span class='ocrx_word' id='word_1_436' title='bbox 2161 3700 2229 3749; x_wconf 83' lang='lat' dir='ltr'>esse</span> <span class='ocrx_word' id='word_1_437' title='bbox 2262 3688 2265 3761; x_wconf 63' lang='lat' dir='ltr'>f</span> 
     </span>
     <span class='ocr_line' id='line_1_36' title="bbox 210 3763 2230 3867; baseline 0.006 -28"><span class='ocrx_word' id='word_1_438' title='bbox 210 3785 282 3854; x_wconf 89' lang='lat' dir='ltr'>est,</span> <span class='ocrx_word' id='word_1_439' title='bbox 314 3765 429 3839; x_wconf 88' lang='lat' dir='ltr'>Deum</span> <span class='ocrx_word' id='word_1_440' title='bbox 455 3767 663 3856; x_wconf 82' lang='lat' dir='ltr'>puniturum</span> <span class='ocrx_word' id='word_1_441' title='bbox 686 3763 752 3838; x_wconf 90' lang='lat' dir='ltr'>hos</span> <span class='ocrx_word' id='word_1_442' title='bbox 774 3795 908 3857; x_wconf 92' lang='lat' dir='ltr'>mores,</span> <span class='ocrx_word' id='word_1_443' title='bbox 939 3786 976 3842; x_wconf 89' lang='lat' dir='ltr'>et</span> <span class='ocrx_word' id='word_1_444' title='bbox 1000 3766 1085 3840; x_wconf 91' lang='lat' dir='ltr'>haec</span> <span class='ocrx_word' id='word_1_445' title='bbox 1105 3783 1196 3838; x_wconf 87' lang='lat' dir='ltr'>tem·</span> <span class='ocrx_word' id='word_1_446' title='bbox 1247 3770 1442 3839; x_wconf 88' lang='lat' dir='ltr'>ostendere.</span> <span class='ocrx_word' id='word_1_447' title='bbox 1490 3769 1567 3840; x_wconf 86' lang='lat' dir='ltr'>Sub</span> <span class='ocrx_word' id='word_1_448' title='bbox 1583 3766 1709 3841; x_wconf 89' lang='lat' dir='ltr'>horam</span> <span class='ocrx_word' id='word_1_449' title='bbox 1724 3796 1807 3842; x_wconf 93' lang='lat' dir='ltr'>vero</span> <span class='ocrx_word' id='word_1_450' title='bbox 1823 3789 1983 3867; x_wconf 90' lang='lat' dir='ltr'>quartam</span> <span class='ocrx_word' id='word_1_451' title='bbox 2000 3776 2038 3847; x_wconf 93' lang='lat' dir='ltr'>in</span> <span class='ocrx_word' id='word_1_452' title='bbox 2053 3777 2230 3851; x_wconf 82' lang='lat' dir='ltr'>inferiori-</span> 
     </span>
     <span class='ocr_line' id='line_1_37' title="bbox 210 3865 2241 3975; baseline 0.006 -37"><span class='ocrx_word' id='word_1_453' title='bbox 210 3894 311 3962; x_wconf 65' lang='lat' dir='ltr'>prora.</span> <span class='ocrx_word' id='word_1_454' title='bbox 359 3867 429 3940; x_wconf 90' lang='lat' dir='ltr'>Sed</span> <span class='ocrx_word' id='word_1_455' title='bbox 446 3865 667 3940; x_wconf 82' lang='lat' dir='ltr'>haecomnia</span> <span class='ocrx_word' id='word_1_456' title='bbox 683 3895 757 3939; x_wconf 89' lang='lat' dir='ltr'>non</span> <span class='ocrx_word' id='word_1_457' title='bbox 773 3868 978 3943; x_wconf 87' lang='lat' dir='ltr'>sunthnius</span> <span class='ocrx_word' id='word_1_458' title='bbox 997 3873 1078 3944; x_wconf 87' lang='lat' dir='ltr'>loci.</span> <span class='ocrx_word' id='word_1_459' title='bbox 1124 3869 1196 3940; x_wconf 90' lang='lat' dir='ltr'>No-</span> <span class='ocrx_word' id='word_1_460' title='bbox 1247 3872 1314 3940; x_wconf 90' lang='lat' dir='ltr'>bns</span> <span class='ocrx_word' id='word_1_461' title='bbox 1330 3872 1499 3960; x_wconf 88' lang='lat' dir='ltr'>gradihus</span> <span class='ocrx_word' id='word_1_462' title='bbox 1513 3873 1684 3943; x_wconf 89' lang='lat' dir='ltr'>scalarum</span> <span class='ocrx_word' id='word_1_463' title='bbox 1699 3875 1830 3967; x_wconf 89' lang='lat' dir='ltr'>quibus</span> <span class='ocrx_word' id='word_1_464' title='bbox 1854 3874 1893 3945; x_wconf 91' lang='lat' dir='ltr'>in</span> <span class='ocrx_word' id='word_1_465' title='bbox 1909 3874 2100 3951; x_wconf 86' lang='lat' dir='ltr'>Musaeum</span> <span class='ocrx_word' id='word_1_466' title='bbox 2125 3882 2241 3975; x_wconf 89' lang='lat' dir='ltr'>ipsius·</span> 
     </span>
     <span class='ocr_line' id='line_1_38' title="bbox 211 3968 2229 4066; baseline 0.008 -27"><span class='ocrx_word' id='word_1_467' title='bbox 211 3987 304 4044; x_wconf 84' lang='lat' dir='ltr'>rtem</span> <span class='ocrx_word' id='word_1_468' title='bbox 318 3984 521 4064; x_wconf 85' lang='lat' dir='ltr'>sequentem</span> <span class='ocrx_word' id='word_1_469' title='bbox 544 3973 765 4042; x_wconf 86' lang='lat' dir='ltr'>commodam</span> <span class='ocrx_word' id='word_1_470' title='bbox 782 3968 925 4060; x_wconf 88' lang='lat' dir='ltr'>habuit,</span> <span class='ocrx_word' id='word_1_471' title='bbox 951 3988 986 4045; x_wconf 90' lang='lat' dir='ltr'>et</span> <span class='ocrx_word' id='word_1_472' title='bbox 1008 3976 1098 4043; x_wconf 89' lang='lat' dir='ltr'>bene</span> <span class='ocrx_word' id='word_1_473' title='bbox 1112 3974 1195 4042; x_wconf 90' lang='lat' dir='ltr'>dor·</span> <span class='ocrx_word' id='word_1_474' title='bbox 1248 3972 1465 4058; x_wconf 87' lang='lat' dir='ltr'>ascenditur,</span> <span class='ocrx_word' id='word_1_475' title='bbox 1503 3976 1639 4046; x_wconf 89' lang='lat' dir='ltr'>desedit</span> <span class='ocrx_word' id='word_1_476' title='bbox 1667 3990 1771 4066; x_wconf 90' lang='lat' dir='ltr'>caput</span> <span class='ocrx_word' id='word_1_477' title='bbox 1794 4001 1902 4046; x_wconf 91' lang='lat' dir='ltr'>mann</span> <span class='ocrx_word' id='word_1_478' title='bbox 1923 3992 2128 4054; x_wconf 86' lang='lat' dir='ltr'>sustentans</span> <span class='ocrx_word' id='word_1_479' title='bbox 2152 3984 2229 4055; x_wconf 76' lang='lat' dir='ltr'>nin</span> 
     </span>
     <span class='ocr_line' id='line_1_39' title="bbox 212 4068 2230 4167; baseline 0.007 -26"><span class='ocrx_word' id='word_1_480' title='bbox 212 4074 334 4155; x_wconf 89' lang='lat' dir='ltr'>mivit,</span> <span class='ocrx_word' id='word_1_481' title='bbox 355 4096 427 4163; x_wconf 90' lang='lat' dir='ltr'>qua</span> <span class='ocrx_word' id='word_1_482' title='bbox 443 4087 483 4142; x_wconf 89' lang='lat' dir='ltr'>ut</span> <span class='ocrx_word' id='word_1_483' title='bbox 498 4071 614 4160; x_wconf 90' lang='lat' dir='ltr'>ipsum</span> <span class='ocrx_word' id='word_1_484' title='bbox 631 4075 840 4143; x_wconf 88' lang='lat' dir='ltr'>referentem</span> <span class='ocrx_word' id='word_1_485' title='bbox 856 4076 1058 4147; x_wconf 88' lang='lat' dir='ltr'>audivimus</span> <span class='ocrx_word' id='word_1_486' title='bbox 1085 4076 1123 4144; x_wconf 91' lang='lat' dir='ltr'>in</span> <span class='ocrx_word' id='word_1_487' title='bbox 1139 4098 1196 4143; x_wconf 91' lang='lat' dir='ltr'>so·</span> <span class='ocrx_word' id='word_1_488' title='bbox 1248 4074 1378 4150; x_wconf 87' lang='lat' dir='ltr'>cubito.</span> <span class='ocrx_word' id='word_1_489' title='bbox 1415 4070 1470 4143; x_wconf 87' lang='lat' dir='ltr'>Eo</span> <span class='ocrx_word' id='word_1_490' title='bbox 1487 4088 1643 4167; x_wconf 90' lang='lat' dir='ltr'>tempore</span> <span class='ocrx_word' id='word_1_491' title='bbox 1659 4071 1876 4147; x_wconf 80' lang='lat' dir='ltr'>Ioachimus</span> <span class='ocrx_word' id='word_1_492' title='bbox 1888 4068 2136 4155; x_wconf 78' lang='lat' dir='ltr'>Camerarius</span> <span class='ocrx_word' id='word_1_493' title='bbox 2151 4108 2230 4157; x_wconf 83' lang='lat' dir='ltr'>oon·</span> 
     </span>
     <span class='ocr_line' id='line_1_40' title="bbox 212 4172 2230 4281; baseline 0.006 -37"><span class='ocrx_word' id='word_1_494' title='bbox 212 4174 308 4245; x_wconf 89' lang='lat' dir='ltr'>nmis</span> <span class='ocrx_word' id='word_1_495' title='bbox 328 4172 395 4241; x_wconf 91' lang='lat' dir='ltr'>sihi</span> <span class='ocrx_word' id='word_1_496' title='bbox 417 4173 575 4241; x_wconf 88' lang='lat' dir='ltr'>accinere</span> <span class='ocrx_word' id='word_1_497' title='bbox 590 4173 651 4243; x_wconf 88' lang='lat' dir='ltr'>illa</span> <span class='ocrx_word' id='word_1_498' title='bbox 668 4177 774 4244; x_wconf 88' lang='lat' dir='ltr'>verba</span> <span class='ocrx_word' id='word_1_499' title='bbox 792 4176 887 4245; x_wconf 90' lang='lat' dir='ltr'>visus</span> <span class='ocrx_word' id='word_1_500' title='bbox 903 4177 987 4247; x_wconf 83' lang='lat' dir='ltr'>fuit:</span> <span class='ocrx_word' id='word_1_501' title='bbox 1013 4175 1197 4247; x_wconf 86' lang='lat' dir='ltr'>Desiderio</span> <span class='ocrx_word' id='word_1_502' title='bbox 1248 4176 1347 4245; x_wconf 85' lang='lat' dir='ltr'>fectis</span> <span class='ocrx_word' id='word_1_503' title='bbox 1364 4176 1467 4245; x_wconf 90' lang='lat' dir='ltr'>domi.</span> <span class='ocrx_word' id='word_1_504' title='bbox 1479 4178 1630 4267; x_wconf 87' lang='lat' dir='ltr'>publicis</span> <span class='ocrx_word' id='word_1_505' title='bbox 1640 4180 1758 4273; x_wconf 89' lang='lat' dir='ltr'>operis</span> <span class='ocrx_word' id='word_1_506' title='bbox 1773 4182 1817 4249; x_wconf 91' lang='lat' dir='ltr'>ad</span> <span class='ocrx_word' id='word_1_507' title='bbox 1829 4183 2015 4253; x_wconf 88' lang='lat' dir='ltr'>visendum</span> <span class='ocrx_word' id='word_1_508' title='bbox 2026 4180 2230 4281; x_wconf 84' lang='lat' dir='ltr'>Philippum</span> 
     </span>
     <span class='ocr_line' id='line_1_41' title="bbox 213 4272 2231 4367; baseline 0.007 -22"><span class='ocrx_word' id='word_1_509' title='bbox 213 4272 411 4345; x_wconf 87' lang='lat' dir='ltr'>desideravi</span> <span class='ocrx_word' id='word_1_510' title='bbox 441 4278 653 4346; x_wconf 87' lang='lat' dir='ltr'>manducare</span> <span class='ocrx_word' id='word_1_511' title='bbox 676 4278 858 4348; x_wconf 90' lang='lat' dir='ltr'>vobiscum</span> <span class='ocrx_word' id='word_1_512' title='bbox 886 4274 953 4347; x_wconf 91' lang='lat' dir='ltr'>hoe</span> <span class='ocrx_word' id='word_1_513' title='bbox 971 4275 1125 4359; x_wconf 88' lang='lat' dir='ltr'>Pascha,</span> <span class='ocrx_word' id='word_1_514' title='bbox 1154 4277 1199 4345; x_wconf 87' lang='lat' dir='ltr'>iis</span> <span class='ocrx_word' id='word_1_515' title='bbox 1248 4275 1369 4367; x_wconf 89' lang='lat' dir='ltr'>Lipsia</span> <span class='ocrx_word' id='word_1_516' title='bbox 1393 4302 1598 4364; x_wconf 82' lang='lat' dir='ltr'>excurrens,</span> <span class='ocrx_word' id='word_1_517' title='bbox 1625 4276 1695 4350; x_wconf 92' lang='lat' dir='ltr'>huc</span> <span class='ocrx_word' id='word_1_518' title='bbox 1720 4281 1834 4362; x_wconf 86' lang='lat' dir='ltr'>venit,</span> <span class='ocrx_word' id='word_1_519' title='bbox 1864 4296 1899 4353; x_wconf 90' lang='lat' dir='ltr'>et</span> <span class='ocrx_word' id='word_1_520' title='bbox 1920 4287 2069 4355; x_wconf 88' lang='lat' dir='ltr'>domum</span> <span class='ocrx_word' id='word_1_521' title='bbox 2094 4286 2231 4361; x_wconf 75' lang='lat' dir='ltr'>Melan·</span> 
     </span>
     <span class='ocr_line' id='line_1_42' title="bbox 213 4373 2231 4474; baseline 0.008 -28"><span class='ocrx_word' id='word_1_522' title='bbox 213 4377 330 4448; x_wconf 90' lang='lat' dir='ltr'>modis</span> <span class='ocrx_word' id='word_1_523' title='bbox 343 4376 473 4468; x_wconf 91' lang='lat' dir='ltr'>quibus</span> <span class='ocrx_word' id='word_1_524' title='bbox 496 4376 533 4443; x_wconf 91' lang='lat' dir='ltr'>in</span> <span class='ocrx_word' id='word_1_525' title='bbox 558 4378 699 4465; x_wconf 88' lang='lat' dir='ltr'>templis</span> <span class='ocrx_word' id='word_1_526' title='bbox 715 4402 802 4468; x_wconf 89' lang='lat' dir='ltr'>puer</span> <span class='ocrx_word' id='word_1_527' title='bbox 820 4379 906 4448; x_wconf 93' lang='lat' dir='ltr'>olim</span> <span class='ocrx_word' id='word_1_528' title='bbox 923 4381 1138 4466; x_wconf 88' lang='lat' dir='ltr'>accinuerat,</span> <span class='ocrx_word' id='word_1_529' title='bbox 1164 4391 1200 4450; x_wconf 89' lang='lat' dir='ltr'>et</span> <span class='ocrx_word' id='word_1_530' title='bbox 1250 4373 1371 4450; x_wconf 89' lang='lat' dir='ltr'>thonis</span> <span class='ocrx_word' id='word_1_531' title='bbox 1389 4378 1591 4467; x_wconf 86' lang='lat' dir='ltr'>ingrediens</span> <span class='ocrx_word' id='word_1_532' title='bbox 1614 4382 1662 4451; x_wconf 90' lang='lat' dir='ltr'>ita</span> <span class='ocrx_word' id='word_1_533' title='bbox 1681 4383 1720 4451; x_wconf 90' lang='lat' dir='ltr'>in</span> <span class='ocrx_word' id='word_1_534' title='bbox 1739 4384 1909 4474; x_wconf 88' lang='lat' dir='ltr'>gradibus</span> <span class='ocrx_word' id='word_1_535' title='bbox 1932 4388 2114 4461; x_wconf 88' lang='lat' dir='ltr'>sedentem</span> <span class='ocrx_word' id='word_1_536' title='bbox 2136 4390 2231 4462; x_wconf 80' lang='lat' dir='ltr'>inre·</span> 
     </span>
     <span class='ocr_line' id='line_1_43' title="bbox 214 4476 2231 4585; baseline 0.01 -40"><span class='ocrx_word' id='word_1_537' title='bbox 214 4502 255 4547; x_wconf 84' lang='lat' dir='ltr'>ea</span> <span class='ocrx_word' id='word_1_538' title='bbox 268 4502 305 4547; x_wconf 87' lang='lat' dir='ltr'>se</span> <span class='ocrx_word' id='word_1_539' title='bbox 319 4476 547 4547; x_wconf 88' lang='lat' dir='ltr'>contentione</span> <span class='ocrx_word' id='word_1_540' title='bbox 562 4478 657 4548; x_wconf 88' lang='lat' dir='ltr'>vocis</span> <span class='ocrx_word' id='word_1_541' title='bbox 674 4504 797 4561; x_wconf 86' lang='lat' dir='ltr'>nsum,</span> <span class='ocrx_word' id='word_1_542' title='bbox 813 4495 853 4552; x_wconf 92' lang='lat' dir='ltr'>ut</span> <span class='ocrx_word' id='word_1_543' title='bbox 872 4483 995 4571; x_wconf 89' lang='lat' dir='ltr'>ipsese</span> <span class='ocrx_word' id='word_1_544' title='bbox 1012 4484 1057 4551; x_wconf 91' lang='lat' dir='ltr'>de</span> <span class='ocrx_word' id='word_1_545' title='bbox 1073 4504 1198 4550; x_wconf 90' lang='lat' dir='ltr'>somno</span> <span class='ocrx_word' id='word_1_546' title='bbox 1250 4480 1317 4555; x_wconf 88' lang='lat' dir='ltr'>nit.</span> <span class='ocrx_word' id='word_1_547' title='bbox 1366 4478 1527 4575; x_wconf 90' lang='lat' dir='ltr'>Cumque</span> <span class='ocrx_word' id='word_1_548' title='bbox 1542 4485 1820 4555; x_wconf 88' lang='lat' dir='ltr'>consalutassent</span> <span class='ocrx_word' id='word_1_549' title='bbox 1837 4484 1932 4558; x_wconf 84' lang='lat' dir='ltr'>inter</span> <span class='ocrx_word' id='word_1_550' title='bbox 1946 4511 2003 4574; x_wconf 90' lang='lat' dir='ltr'>se,</span> <span class='ocrx_word' id='word_1_551' title='bbox 2028 4492 2137 4581; x_wconf 90' lang='lat' dir='ltr'>paulo</span> <span class='ocrx_word' id='word_1_552' title='bbox 2159 4504 2231 4585; x_wconf 85' lang='lat' dir='ltr'>post</span> 
     </span>
     <span class='ocr_line' id='line_1_44' title="bbox 214 4577 2233 4689; baseline 0.007 -41"><span class='ocrx_word' id='word_1_553' title='bbox 214 4580 401 4657; x_wconf 75' lang='lat' dir='ltr'>excitaret,</span> <span class='ocrx_word' id='word_1_554' title='bbox 429 4581 522 4669; x_wconf 89' lang='lat' dir='ltr'>quod</span> <span class='ocrx_word' id='word_1_555' title='bbox 543 4577 651 4667; x_wconf 87' lang='lat' dir='ltr'>igitur</span> <span class='ocrx_word' id='word_1_556' title='bbox 671 4582 761 4650; x_wconf 91' lang='lat' dir='ltr'>bene</span> <span class='ocrx_word' id='word_1_557' title='bbox 783 4585 1025 4668; x_wconf 90' lang='lat' dir='ltr'>dormivisset,</span> <span class='ocrx_word' id='word_1_558' title='bbox 1049 4583 1201 4653; x_wconf 82' lang='lat' dir='ltr'>surrexit</span> <span class='ocrx_word' id='word_1_559' title='bbox 1252 4582 1320 4653; x_wconf 90' lang='lat' dir='ltr'>sub</span> <span class='ocrx_word' id='word_1_560' title='bbox 1335 4578 1459 4651; x_wconf 91' lang='lat' dir='ltr'>horam</span> <span class='ocrx_word' id='word_1_561' title='bbox 1472 4586 1633 4677; x_wconf 92' lang='lat' dir='ltr'>quintam</span> <span class='ocrx_word' id='word_1_562' title='bbox 1648 4585 1757 4656; x_wconf 86' lang='lat' dir='ltr'>febris</span> <span class='ocrx_word' id='word_1_563' title='bbox 1773 4602 1900 4681; x_wconf 90' lang='lat' dir='ltr'>quarto</span> <span class='ocrx_word' id='word_1_564' title='bbox 1926 4591 2039 4682; x_wconf 87' lang='lat' dir='ltr'>caepit</span> <span class='ocrx_word' id='word_1_565' title='bbox 2050 4594 2233 4689; x_wconf 62' lang='grc' dir='ltr'>παροξυι-</span> 
     </span>
     <span class='ocr_line' id='line_1_45' title="bbox 216 4676 2234 4787; baseline 0.01 -38"><span class='ocrx_word' id='word_1_566' title='bbox 216 4706 236 4749; x_wconf 87' lang='lat' dir='ltr'>c</span> <span class='ocrx_word' id='word_1_567' title='bbox 260 4680 351 4751; x_wconf 87' lang='lat' dir='ltr'>lecto</span> <span class='ocrx_word' id='word_1_568' title='bbox 374 4680 503 4747; x_wconf 87' lang='lat' dir='ltr'>decimi</span> <span class='ocrx_word' id='word_1_569' title='bbox 520 4680 619 4751; x_wconf 90' lang='lat' dir='ltr'>tertii</span> <span class='ocrx_word' id='word_1_570' title='bbox 637 4676 795 4768; x_wconf 82' lang='lat' dir='ltr'>Aprilis,</span> <span class='ocrx_word' id='word_1_571' title='bbox 821 4686 950 4771; x_wconf 88' lang='lat' dir='ltr'>idest,</span> <span class='ocrx_word' id='word_1_572' title='bbox 976 4682 1105 4754; x_wconf 90' lang='lat' dir='ltr'>Iduum</span> <span class='ocrx_word' id='word_1_573' title='bbox 1131 4684 1200 4753; x_wconf 87' lang='lat' dir='ltr'>diei</span> <span class='ocrx_word' id='word_1_574' title='bbox 1251 4683 1370 4777; x_wconf 76' lang='grc' dir='ltr'>θῆναι</span> <span class='ocrx_word' id='word_1_575' title='bbox 1386 4685 1569 4757; x_wconf 89' lang='lat' dir='ltr'>invasione</span> <span class='ocrx_word' id='word_1_576' title='bbox 1586 4688 1780 4779; x_wconf 72' lang='lat' dir='ltr'>manifesta.</span> <span class='ocrx_word' id='word_1_577' title='bbox 1827 4685 1950 4785; x_wconf 84' lang='lat' dir='ltr'>ltaque</span> <span class='ocrx_word' id='word_1_578' title='bbox 1966 4696 2063 4787; x_wconf 87' lang='lat' dir='ltr'>quod</span> <span class='ocrx_word' id='word_1_579' title='bbox 2081 4690 2234 4769; x_wconf 65' lang='lat' dir='ltr'>horrete</span> 
     </span>
     <span class='ocr_line' id='line_1_46' title="bbox 214 4778 2234 4877; baseline 0.008 -24"><span class='ocrx_word' id='word_1_580' title='bbox 214 4778 307 4853; x_wconf 89' lang='lat' dir='ltr'>hora</span> <span class='ocrx_word' id='word_1_581' title='bbox 323 4782 495 4853; x_wconf 83' lang='lat' dir='ltr'>matutina</span> <span class='ocrx_word' id='word_1_582' title='bbox 513 4781 615 4853; x_wconf 88' lang='lat' dir='ltr'>tertia</span> <span class='ocrx_word' id='word_1_583' title='bbox 625 4785 673 4852; x_wconf 88' lang='lat' dir='ltr'>ad</span> <span class='ocrx_word' id='word_1_584' title='bbox 693 4786 949 4857; x_wconf 88' lang='lat' dir='ltr'>absolvendum</span> <span class='ocrx_word' id='word_1_585' title='bbox 970 4786 1139 4875; x_wconf 90' lang='lat' dir='ltr'>scriptum</span> <span class='ocrx_word' id='word_1_586' title='bbox 1157 4785 1203 4854; x_wconf 91' lang='lat' dir='ltr'>il·</span> <span class='ocrx_word' id='word_1_587' title='bbox 1256 4787 1321 4871; x_wconf 89' lang='lat' dir='ltr'>let,</span> <span class='ocrx_word' id='word_1_588' title='bbox 1349 4787 1465 4857; x_wconf 88' lang='lat' dir='ltr'>statim</span> <span class='ocrx_word' id='word_1_589' title='bbox 1488 4788 1525 4857; x_wconf 90' lang='lat' dir='ltr'>in</span> <span class='ocrx_word' id='word_1_590' title='bbox 1547 4790 1716 4859; x_wconf 90' lang='lat' dir='ltr'>lectulum</span> <span class='ocrx_word' id='word_1_591' title='bbox 1737 4805 1790 4861; x_wconf 87' lang='lat' dir='ltr'>est</span> <span class='ocrx_word' id='word_1_592' title='bbox 1804 4792 1989 4869; x_wconf 91' lang='lat' dir='ltr'>abductus.</span> <span class='ocrx_word' id='word_1_593' title='bbox 2042 4793 2096 4867; x_wconf 87' lang='lat' dir='ltr'>lta</span> <span class='ocrx_word' id='word_1_594' title='bbox 2123 4812 2234 4877; x_wconf 83' lang='lat' dir='ltr'>autem</span> 
     </span>
     <span class='ocr_line' id='line_1_47' title="bbox 214 4884 2235 4995; baseline 0.009 -42"><span class='ocrx_word' id='word_1_595' title='bbox 214 4884 300 4965; x_wconf 87' lang='lat' dir='ltr'>lud,</span> <span class='ocrx_word' id='word_1_596' title='bbox 324 4884 369 4949; x_wconf 91' lang='lat' dir='ltr'>de</span> <span class='ocrx_word' id='word_1_597' title='bbox 386 4908 457 4974; x_wconf 90' lang='lat' dir='ltr'>quo</span> <span class='ocrx_word' id='word_1_598' title='bbox 472 4884 646 4970; x_wconf 85' lang='lat' dir='ltr'>diximus,</span> <span class='ocrx_word' id='word_1_599' title='bbox 664 4891 759 4978; x_wconf 92' lang='lat' dir='ltr'>quod</span> <span class='ocrx_word' id='word_1_600' title='bbox 782 4887 840 4956; x_wconf 92' lang='lat' dir='ltr'>die</span> <span class='ocrx_word' id='word_1_601' title='bbox 861 4886 1050 4961; x_wconf 86' lang='lat' dir='ltr'>Paschatos</span> <span class='ocrx_word' id='word_1_602' title='bbox 1072 4911 1204 4980; x_wconf 90' lang='lat' dir='ltr'>propo·</span> <span class='ocrx_word' id='word_1_603' title='bbox 1255 4888 1421 4958; x_wconf 89' lang='lat' dir='ltr'>invadere</span> <span class='ocrx_word' id='word_1_604' title='bbox 1445 4914 1525 4959; x_wconf 90' lang='lat' dir='ltr'>eum</span> <span class='ocrx_word' id='word_1_605' title='bbox 1548 4891 1656 4961; x_wconf 84' lang='lat' dir='ltr'>febris</span> <span class='ocrx_word' id='word_1_606' title='bbox 1678 4892 1812 4965; x_wconf 87' lang='lat' dir='ltr'>solebat</span> <span class='ocrx_word' id='word_1_607' title='bbox 1833 4907 1876 4964; x_wconf 88' lang='lat' dir='ltr'>nt</span> <span class='ocrx_word' id='word_1_608' title='bbox 1893 4888 2083 4969; x_wconf 87' lang='lat' dir='ltr'>horrorem</span> <span class='ocrx_word' id='word_1_609' title='bbox 2097 4899 2235 4995; x_wconf 82' lang='lat' dir='ltr'>quidem</span> 
     </span>
     <span class='ocr_line' id='line_1_48' title="bbox 213 4982 2235 5089; baseline 0.008 -32"><span class='ocrx_word' id='word_1_610' title='bbox 213 4996 380 5068; x_wconf 86' lang='lat' dir='ltr'>neremr,</span> <span class='ocrx_word' id='word_1_611' title='bbox 417 4982 529 5077; x_wconf 89' lang='lat' dir='ltr'>ldque</span> <span class='ocrx_word' id='word_1_612' title='bbox 551 4985 623 5057; x_wconf 82' lang='lat' dir='ltr'>illis</span> <span class='ocrx_word' id='word_1_613' title='bbox 644 5000 723 5060; x_wconf 82' lang='lat' dir='ltr'>tum</span> <span class='ocrx_word' id='word_1_614' title='bbox 747 4991 930 5062; x_wconf 91' lang='lat' dir='ltr'>matutinis</span> <span class='ocrx_word' id='word_1_615' title='bbox 941 4986 1050 5089; x_wconf 49' lang='lat' dir='ltr'>‚horis</span> <span class='ocrx_word' id='word_1_616' title='bbox 1072 4991 1203 5063; x_wconf 87' lang='lat' dir='ltr'>descri-</span> <span class='ocrx_word' id='word_1_617' title='bbox 1254 4991 1458 5081; x_wconf 81' lang='lat' dir='ltr'>frigutiens,</span> <span class='ocrx_word' id='word_1_618' title='bbox 1482 5007 1521 5061; x_wconf 90' lang='lat' dir='ltr'>ut</span> <span class='ocrx_word' id='word_1_619' title='bbox 1535 4991 1701 5063; x_wconf 88' lang='lat' dir='ltr'>Plautino</span> <span class='ocrx_word' id='word_1_620' title='bbox 1717 4996 1825 5065; x_wconf 92' lang='lat' dir='ltr'>verbo</span> <span class='ocrx_word' id='word_1_621' title='bbox 1839 5010 1941 5082; x_wconf 77' lang='lat' dir='ltr'>uhu,</span> <span class='ocrx_word' id='word_1_622' title='bbox 1966 4998 2116 5075; x_wconf 89' lang='lat' dir='ltr'>sentiret</span> <span class='ocrx_word' id='word_1_623' title='bbox 2137 5000 2235 5073; x_wconf 82' lang='lat' dir='ltr'>valde</span> 
     </span>
    </p>
   </div>
   <div class='ocr_carea' id='block_1_5' title="bbox 213 5094 2236 5192">
    <p class='ocr_par' dir='ltr' id='par_1_6' title="bbox 213 5094 2236 5192">
     <span class='ocr_line' id='line_1_49' title="bbox 213 5094 2236 5192; baseline 0.009 -35"><span class='ocrx_word' id='word_1_624' title='bbox 213 5138 421 5157; x_wconf 78' lang='lat'>..........</span> <span class='ocrx_word' id='word_1_625' title='bbox 1256 5114 1396 5183; x_wconf 90' lang='lat' dir='ltr'>gravem</span> <span class='ocrx_word' id='word_1_626' title='bbox 1413 5106 1446 5162; x_wconf 91' lang='lat' dir='ltr'>et</span> <span class='ocrx_word' id='word_1_627' title='bbox 1462 5094 1666 5182; x_wconf 89' lang='lat' dir='ltr'>molestum,</span> <span class='ocrx_word' id='word_1_628' title='bbox 1689 5100 1750 5167; x_wconf 89' lang='lat' dir='ltr'>sed</span> <span class='ocrx_word' id='word_1_629' title='bbox 1766 5097 1828 5192; x_wconf 93' lang='lat' dir='ltr'>qui</span> <span class='ocrx_word' id='word_1_630' title='bbox 1843 5112 1960 5170; x_wconf 90' lang='lat' dir='ltr'>tamen</span> <span class='ocrx_word' id='word_1_631' title='bbox 1976 5124 2052 5173; x_wconf 90' lang='lat' dir='ltr'>non</span> <span class='ocrx_word' id='word_1_632' title='bbox 2073 5118 2165 5177; x_wconf 86' lang='lat' dir='ltr'>esset</span> <span class='ocrx_word' id='word_1_633' title='bbox 2184 5128 2236 5175; x_wconf 82' lang='lat' dir='ltr'>es·</span> 
     </span>
    </p>
   </div>
   <div class='ocr_carea' id='block_1_6' title="bbox 248 5194 2237 5403">
    <p class='ocr_par' dir='ltr' id='par_1_7' title="bbox 248 5194 2237 5403">
     <span class='ocr_line' id='line_1_50' title="bbox 252 5194 2237 5303; baseline 0.011 -47"><span class='ocrx_word' id='word_1_634' title='bbox 252 5228 284 5289; x_wconf 70' lang='lat' dir='ltr'>g)</span> <span class='ocrx_word' id='word_1_635' title='bbox 302 5231 450 5290; x_wconf 76' lang='lat' dir='ltr'>coartans]</span> <span class='ocrx_word' id='word_1_636' title='bbox 465 5226 541 5282; x_wconf 75' lang='lat' dir='ltr'>aben</span> <span class='ocrx_word' id='word_1_637' title='bbox 555 5228 589 5282; x_wconf 73' lang='lat' dir='ltr'>,g</span> <span class='ocrx_word' id='word_1_638' title='bbox 604 5228 646 5283; x_wconf 62' lang='lat' dir='ltr'>,g</span> <span class='ocrx_word' id='word_1_639' title='bbox 664 5231 690 5283; x_wconf 78' lang='lat'>2.</span> <span class='ocrx_word' id='word_1_640' title='bbox 1231 5280 1234 5295; x_wconf 44' lang='grc' dir='ltr'>Ι</span> <span class='ocrx_word' id='word_1_641' title='bbox 1258 5218 1336 5284; x_wconf 91' lang='lat' dir='ltr'>pers</span> <span class='ocrx_word' id='word_1_642' title='bbox 1360 5194 1491 5263; x_wconf 91' lang='lat' dir='ltr'>interni</span> <span class='ocrx_word' id='word_1_643' title='bbox 1514 5211 1628 5267; x_wconf 85' lang='lat' dir='ltr'>aestus</span> <span class='ocrx_word' id='word_1_644' title='bbox 1651 5199 1831 5270; x_wconf 87' lang='lat' dir='ltr'>cuiusdam</span> <span class='ocrx_word' id='word_1_645' title='bbox 1855 5215 1888 5271; x_wconf 85' lang='lat' dir='ltr'>et</span> <span class='ocrx_word' id='word_1_646' title='bbox 1910 5203 2036 5290; x_wconf 89' lang='lat' dir='ltr'>alieni,</span> <span class='ocrx_word' id='word_1_647' title='bbox 2070 5230 2185 5303; x_wconf 90' lang='lat' dir='ltr'>aquo</span> <span class='ocrx_word' id='word_1_648' title='bbox 2209 5219 2237 5277; x_wconf 85' lang='lat' dir='ltr'>et</span> 
     </span>
     <span class='ocr_line' id='line_1_51' title="bbox 248 5296 2235 5403; baseline 0.006 -37"><span class='ocrx_word' id='word_1_649' title='bbox 248 5315 283 5375; x_wconf 80' lang='lat'>7)</span> <span class='ocrx_word' id='word_1_650' title='bbox 301 5317 481 5379; x_wconf 65' lang='lat' dir='ltr'>procreare]</span> <span class='ocrx_word' id='word_1_651' title='bbox 501 5312 547 5368; x_wconf 80' lang='lat' dir='ltr'>ea.</span> <span class='ocrx_word' id='word_1_652' title='bbox 565 5321 587 5368; x_wconf 86' lang='lat' dir='ltr'>r.</span> <span class='ocrx_word' id='word_1_653' title='bbox 606 5319 783 5381; x_wconf 56' lang='lat' dir='ltr'>maestam.</span> <span class='ocrx_word' id='word_1_654' title='bbox 1229 5302 1235 5374; x_wconf 89' lang='lat' dir='ltr'>l</span> <span class='ocrx_word' id='word_1_655' title='bbox 1261 5297 1334 5387; x_wconf 84' lang='lat' dir='ltr'>ipse</span> <span class='ocrx_word' id='word_1_656' title='bbox 1352 5296 1458 5366; x_wconf 74' lang='lat' dir='ltr'>simul</span> <span class='ocrx_word' id='word_1_657' title='bbox 1474 5298 1706 5388; x_wconf 82' lang='lat' dir='ltr'>affligeretur,</span> <span class='ocrx_word' id='word_1_658' title='bbox 1732 5326 1840 5396; x_wconf 85' lang='lat' dir='ltr'>quare</span> <span class='ocrx_word' id='word_1_659' title='bbox 1853 5297 2010 5395; x_wconf 75' lang='grc' dir='ltr'><strong><em>ἡπιαλόν</em></strong></span> <span class='ocrx_word' id='word_1_660' title='bbox 2029 5330 2105 5380; x_wconf 90' lang='lat' dir='ltr'>esse</span> <span class='ocrx_word' id='word_1_661' title='bbox 2127 5310 2235 5403; x_wconf 89' lang='lat' dir='ltr'>suspi-</span> 
     </span>
    </p>
   </div>
   <div class='ocr_carea' id='block_1_7' title="bbox 1369 642 2265 811">
    <p class='ocr_par' dir='ltr' id='par_1_8' title="bbox 1369 642 2265 811">
     <span class='ocr_line' id='line_1_52' title="bbox 1371 642 2265 743; baseline 0.025 -30"><span class='ocrx_word' id='word_1_662' title='bbox 1371 659 1447 715; x_wconf 81' lang='lat' dir='ltr'>uitnr</span> <span class='ocrx_word' id='word_1_663' title='bbox 1462 680 1538 721; x_wconf 84' lang='lat' dir='ltr'>nunc</span> <span class='ocrx_word' id='word_1_664' title='bbox 1553 665 1656 737; x_wconf 79' lang='lat' dir='ltr'>pegells</span> <span class='ocrx_word' id='word_1_665' title='bbox 1669 667 1779 737; x_wconf 84' lang='lat' dir='ltr'>publice</span> <span class='ocrx_word' id='word_1_666' title='bbox 1791 670 1882 733; x_wconf 75' lang='lat' dir='ltr'>altiss,</span> <span class='ocrx_word' id='word_1_667' title='bbox 1901 688 1983 743; x_wconf 77' lang='lat' dir='ltr'>qum</span> <span class='ocrx_word' id='word_1_668' title='bbox 1996 672 2125 729; x_wconf 70' lang='lat' dir='ltr'>declinus</span> <span class='ocrx_word' id='word_1_669' title='bbox 2140 674 2175 731; x_wconf 80' lang='lat' dir='ltr'>stl</span> <span class='ocrx_word' id='word_1_670' title='bbox 2192 676 2218 735; x_wconf 81' lang='lat' dir='ltr'>tl.</span> <span class='ocrx_word' id='word_1_671' title='bbox 2262 642 2265 653; x_wconf 44' lang='grc' dir='ltr'>Ι</span> 
     </span>
     <span class='ocr_line' id='line_1_53' title="bbox 1369 730 1975 811; baseline 0.018 -24"><span class='ocrx_word' id='word_1_672' title='bbox 1369 770 1377 787; x_wconf 89' lang='grc'><strong>.</strong></span> <span class='ocrx_word' id='word_1_673' title='bbox 1393 730 1513 802; x_wconf 78' lang='lat' dir='ltr'>Aprilis,</span> <span class='ocrx_word' id='word_1_674' title='bbox 1533 752 1613 805; x_wconf 83' lang='lat' dir='ltr'>quem</span> <span class='ocrx_word' id='word_1_675' title='bbox 1628 733 1712 807; x_wconf 85' lang='lat' dir='ltr'>igitur</span> <span class='ocrx_word' id='word_1_676' title='bbox 1723 738 1768 794; x_wconf 85' lang='lat' dir='ltr'>bie</span> <span class='ocrx_word' id='word_1_677' title='bbox 1782 741 1975 811; x_wconf 78' lang='lat' dir='ltr'>praetermisi.)</span> 
     </span>
    </p>
   </div>
   <div class='ocr_carea' id='block_1_8' title="bbox 1235 879 2256 1096">
    <p class='ocr_par' dir='ltr' id='par_1_9' title="bbox 1235 879 2256 1096">
     <span class='ocr_line' id='line_1_54' title="bbox 1275 879 2217 988; baseline 0.021 -33"><span class='ocrx_word' id='word_1_678' title='bbox 1275 885 1281 895; x_wconf 81' lang='grc'><strong>“</strong></span> <span class='ocrx_word' id='word_1_679' title='bbox 1335 879 1439 958; x_wconf 83' lang='lat' dir='ltr'>Hanc</span> <span class='ocrx_word' id='word_1_680' title='bbox 1472 903 1589 960; x_wconf 87' lang='lat' dir='ltr'>autem</span> <span class='ocrx_word' id='word_1_681' title='bbox 1623 892 1717 963; x_wconf 90' lang='lat' dir='ltr'>diem</span> <span class='ocrx_word' id='word_1_682' title='bbox 1751 897 1953 988; x_wconf 86' lang='lat' dir='ltr'>pridianam</span> <span class='ocrx_word' id='word_1_683' title='bbox 1976 898 2170 974; x_wconf 84' lang='lat' dir='ltr'>Paschatos</span> <span class='ocrx_word' id='word_1_684' title='bbox 2199 928 2217 975; x_wconf 84' lang='lat' dir='ltr'>s</span> 
     </span>
     <span class='ocr_line' id='line_1_55' title="bbox 1235 989 2256 1096; baseline 0.018 -38"><span class='ocrx_word' id='word_1_685' title='bbox 1235 989 1358 1059; x_wconf 91' lang='lat' dir='ltr'>multis</span> <span class='ocrx_word' id='word_1_686' title='bbox 1374 990 1446 1059; x_wconf 91' lang='lat' dir='ltr'>iam</span> <span class='ocrx_word' id='word_1_687' title='bbox 1462 993 1565 1061; x_wconf 86' lang='lat' dir='ltr'>annis</span> <span class='ocrx_word' id='word_1_688' title='bbox 1579 1019 1718 1065; x_wconf 88' lang='lat' dir='ltr'>servare</span> <span class='ocrx_word' id='word_1_689' title='bbox 1732 998 1885 1086; x_wconf 89' lang='lat' dir='ltr'>solebat,</span> <span class='ocrx_word' id='word_1_690' title='bbox 1912 1026 1981 1096; x_wconf 91' lang='lat' dir='ltr'>qua</span> <span class='ocrx_word' id='word_1_691' title='bbox 2004 1026 2103 1075; x_wconf 83' lang='lat' dir='ltr'>saera</span> <span class='ocrx_word' id='word_1_692' title='bbox 2125 1002 2219 1077; x_wconf 60' lang='lat' dir='ltr'>rosnss</span> <span class='ocrx_word' id='word_1_693' title='bbox 2253 1078 2256 1091; x_wconf 73' lang='grc'>,</span> 
     </span>
    </p>
   </div>
   <div class='ocr_carea' id='block_1_9' title="bbox 0 0 2296 5760">
    <p class='ocr_par' dir='ltr' id='par_1_10' title="bbox 0 0 2296 5760">
     <span class='ocr_line' id='line_1_56' title="bbox 0 0 2296 5760; baseline 0 0"><span class='ocrx_word' id='word_1_694' title='bbox 0 0 2296 5760; x_wconf 95' lang='lat' dir='ltr'> </span> 
     </span>
    </p>
   </div>
  </div>
 </body>
</html>
