4546 5760
107 191 186 266 ecc
485 152 1449 270 scaurxxovrrxuuroarruu
1479 184 1784 271 mansura.
1962 146 1965 150 ⁸
2071 174 2149 319 aaa

115 382 187 453 qua
205 357 267 428 illc
281 355 321 427 in
335 357 418 430 cibo
436 382 476 431 sc
489 371 577 453 potu
594 359 752 432 suaviter
766 357 818 429 uti
834 355 982 430 solebat.
1033 351 1113 424 Hoc
1165 381 1252 426 voce
1275 353 1351 449 legi
1363 382 1404 427 ex
1422 368 1576 452 utroque
1591 371 1797 431 testamento
1812 363 2005 456 quaedam,
2027 365 2157 461 quibus

114 460 230 551 igitur
253 460 389 531 iuscnlo
413 462 520 533 allato
535 458 696 532 exhausit
711 455 906 531 cochlearia
924 458 1012 543 tria,
1039 457 1113 527 col·
1163 459 1318 531 maxime
1332 462 1547 530 delectarum
1564 484 1637 530 esse
1651 476 1767 532 norat.

115 562 270 633 laudans
295 563 441 656 insuper
466 588 574 657 quam
596 562 732 635 bonum
748 562 869 656 inquit
890 557 958 632 hoc
975 557 1113 630 estius·
1159 605 1164 614 ·
1266 561 1493 655 Legebantur
1508 586 1590 654 ergo
1607 576 1683 632 tum
1701 580 1734 635 ct
1749 565 1794 634 ab
1808 562 1884 654 ipso
1902 564 1947 637 D.
1963 564 2109 641 Pastore
2122 586 2158 643 et

117 664 255 737 mlum·
312 662 383 735 Hic
404 666 504 736 cibus
534 666 568 736 ei
590 665 737 737 ultimus
757 665 847 751 luit,
881 686 996 758 neque
1017 659 1114 730 enim
1165 664 1337 755 pervices
1357 662 1561 734 aDiaconis
1578 663 1751 754 Magistro
1769 662 1996 750 Froschelio,
2026 671 2156 743 etll'la-
2244 674 2254 689 '

117 780 228 859 potus
252 779 313 837 aut
327 766 397 837 cibi
413 768 602 863 quicquam
619 768 771 858 gustavit
787 760 934 860 posthac
949 762 1113 856 amplius.
1165 766 1275 855 gistro
1299 763 1469 837 Sturione
1490 764 1622 837 Psalmi
1646 768 1784 860 aliquot
1806 780 1844 837 ut
1866 771 1929 843 24.
1950 766 2014 845 25.
2038 776 2157 849 (2126,

117 864 292 941 Reiectus
310 869 538 963 mediocriter
552 870 641 960 erigi
656 894 694 940 se
711 864 882 966 iubet⁴³),
910 881 944 938 et
959 864 1115 959 postulat
1165 866 1291 939 Esaiae
1316 882 1422 959 caput
1441 859 1505 939 652
1528 883 1562 939 et
1588 863 1758 940 lobannis
1782 884 1885 959 capot
1913 873 1981 963 17,
2015 874 2059 943 ad
2078 873 2157 946 Ro-

120 965 263 1041 cbartas
277 971 316 1038 in
333 971 463 1064 quibus
481 972 683 1043 testamenti
699 972 974 1062 descriptionem
991 968 1114 1036 incoa·
1167 993 1291 1039 manos
1315 982 1421 1062 caput
1443 968 1478 1041 5.
1504 983 1538 1039 et
1560 971 1660 1062 plura
1684 969 1752 1040 alia
1772 995 1813 1040 ex
1826 968 1953 1059 Esaia,
1988 970 2157 1062 iohanne,

118 1086 195 1157 rat,
227 1085 269 1144 ut
291 1096 382 1167 quae
403 1075 635 1166 cogitaverat,
669 1087 704 1144 et
728 1073 771 1142 de
794 1073 924 1165 quibus
952 1069 1114 1162 pridiana
1166 1070 1335 1157 Psalmis,
1368 1084 1403 1142 et
1415 1067 1588 1165 Epistolis
1609 1071 1725 1145 Pauli.
1777 1071 1919 1161 Quibus
1944 1076 2053 1147 finitis
2076 1103 2157 1148 cum

120 1174 181 1245 die
196 1168 244 1268 ⁴⁸)
267 1186 415 1245 testatus
437 1178 569 1263 fuerat,
594 1200 633 1247 ea
656 1174 907 1268 perscribendo
925 1185 1115 1244 testamen·
1167 1173 1455 1243 consiluissemus
1487 1198 1628 1259 omnes,
1660 1171 1740 1266 Ipse
1767 1197 1906 1266 semper
1931 1192 1999 1263 est,
2027 1180 2157 1272 inquit,

121 1289 203 1349 tum
215 1276 430 1364 absolveret,
456 1302 538 1347 curn
555 1279 599 1347 acl
617 1301 693 1347 eam
712 1302 787 1347 rem
805 1272 848 1371 ⁴⁵)
871 1299 908 1346 se
924 1296 1115 1365 compone·
1167 1271 1257 1345 mihi
1283 1276 1323 1344 in
1348 1276 1469 1346 animo
1494 1276 1588 1346 etin
1611 1290 1801 1369 conspectu
1824 1278 1958 1348 dictum
1986 1275 2157 1350 lobannis

121 1392 179 1449 ret
203 1391 236 1448 et
262 1394 406 1472 cuperet
428 1380 571 1474 quidem
593 1381 765 1464 scribere,
791 1377 884 1448 vires
898 1390 1014 1447 autem
1029 1373 1116 1442 deli-
1167 1380 1212 1447 de
1226 1375 1320 1447 Filio
1335 1372 1420 1446 Dei:
1454 1376 1615 1448 Mundus
1631 1403 1710 1447 eum
1733 1403 1807 1448 non
1824 1381 1972 1472 recepit,
2005 1381 2079 1471 Qui
2094 1407 2159 1453 au.

123 1494 265 1567 serent,
291 1504 374 1571 ego,
396 1483 530 1577 inquit,
554 1483 779 1554 festinatione
794 1481 980 1560 excludor,
1005 1473 1117 1565 signi·
1169 1495 1241 1552 tem
1261 1494 1471 1571 receperunt
1494 1504 1594 1565 eum,
1625 1480 1697 1550 illis
1721 1481 1819 1551 dedit
1839 1495 2044 1573 potestatem
2066 1485 2159 1554 filios

120 1582 250 1652 litabat
265 1597 382 1653 autem
396 1585 569 1656 letiferam
584 1584 815 1668 debilitatem,
841 1604 911 1676 qua
926 1602 1022 1650 mors
1036 1599 1116 1647 eum
1168 1578 1237 1650 Dei
1263 1580 1358 1666 fieri,
1398 1584 1458 1675 qui
1491 1583 1641 1653 credunt
1672 1581 1711 1652 in
1735 1582 1881 1661 nomine
1908 1584 1994 1654 eius.
2060 1582 2156 1659 Haec

122 1696 378 1772 anteverteret,
412 1700 452 1757 ut
476 1687 626 1776 cogitata
650 1685 865 1778 perscribere
890 1706 965 1752 non
988 1690 1118 1775 posset,
1170 1683 1263 1753 clara
1284 1706 1369 1753 voce
1392 1708 1473 1753 cum
1497 1683 1783 1775 pronunciasset,
1816 1697 1936 1775 postea
1957 1686 2057 1769 labra
2077 1712 2160 1757 rar·
2232 1678 2235 1683 ’

122 1810 198 1881 quo
223 1786 468 1858 animadverso
496 1812 603 1857 nemo
633 1788 785 1879 amplius
810 1786 999 1881 quicquam
1030 1780 1118 1852 scri·
1171 1778 1286 1877 sus‘⁶)
1302 1785 1350 1855 ita
1366 1786 1531 1856 movebat
1546 1789 1743 1878 quadrante
1758 1782 1886 1872 horae,
1910 1801 1950 1858 ut
1966 1789 2028 1881 qni
2043 1803 2161 1859 oraret

120 1888 262 1983 ptionis
285 1890 365 1960 talis
385 1891 431 1960 ab
449 1915 493 1961 eo
518 1891 712 1982 expectavit
729 1903 789 1960 aut
806 1886 992 1979 expetivit,
1017 1905 1118 1975 prae·
1172 1885 1287 1958 tacite,
1339 1884 1448 1957 Hora⁴
1462 1888 1533 1956 iam
1548 1888 1662 1979 prima
1677 1889 1923 1979 pomeridiana
1941 1890 2161 1976 imminente,

125 1989 252 2060 sertim
279 2015 359 2061 cum
387 1993 549 2082 pridiana
575 1994 632 2061 die
655 1992 814 2063 oratione
838 1991 968 2060 diserta
990 1988 1034 2056 de
1057 2008 1118 2055 sua
1172 2012 1254 2059 cum
1274 2002 1438 2059 curarent
1460 1992 1504 2059 ad
1526 1989 1695 2061 lectulum
1712 1992 1948 2082 praeceptoris
1964 1993 2018 2061 sui
2036 1994 2062 2061 ii
2080 2017 2161 2083 pro-

124 2092 304 2163 sententia
336 2107 440 2186 atque
467 2095 667 2179 voluntate,
707 2096 810 2164 etde
837 2080 1005 2161 ombibns
1031 2109 1120 2180 quae
1173 2093 1320 2160 sessores
1344 2090 1501 2160 universi
1524 2114 1677 2186 quorum
1697 2106 1780 2163 sunt
1797 2093 2060 2184 pomeridianae
2078 2119 2163 2186 ope-

124 2194 328 2284 scripturus
349 2210 424 2267 erat
441 2189 505 2291 ⁴⁶),
539 2210 683 2266 testatus
707 2209 814 2276 esset,
841 2206 874 2262 et
902 2215 942 2261 ex
967 2190 1011 2259 iis
1029 2208 1120 2281 quae
1173 2216 1234 2261 roe
1248 2191 1428 2282 publicae,
1453 2217 1568 2286 neque
1588 2195 1651 2264 tali
1668 2208 1826 2285 tempore
1841 2197 1886 2263 ab
1901 2210 2043 2286 aegroto
2067 2220 2162 2267 rece-

124 2296 200 2365 iam
224 2296 418 2388 perscripta
438 2302 557 2383 edant,
583 2298 756 2387 explicare
781 2307 914 2365 caetera
930 2314 1003 2359 non
1021 2289 1120 2357 vide·
1174 2294 1332 2362 «lendum
1349 2294 1416 2363 sibi
1434 2308 1609 2386 putarent,
1635 2296 1724 2366 etin
1743 2297 2009 2387 perturbatione
2025 2299 2164 2366 animo-

125 2412 230 2469 retur
260 2397 415 2469 difficile.
478 2398 574 2469 Haec
601 2400 690 2469 facta
715 2398 813 2466 fuere
834 2394 973 2464 circiter
996 2386 1120 2459 horam
1175 2418 1255 2465 rum
1283 2395 1437 2465 maxima
1465 2398 1510 2467 ad
1533 2397 1807 2488 praelectionum
1830 2421 1955 2488 operas
1980 2400 2163 2468 obeundas

126 2500 307 2569 decimam
330 2501 552 2571 matutinam.
604 2499 745 2572 Rursus
765 2499 884 2592 itaque
898 2493 1123 2583 decumbens,
1175 2520 1281 2567 nemo
1305 2497 1454 2568 idoneus
1476 2521 1549 2566 esse
1573 2512 1709 2589 posset,
1735 2497 1853 2569 subito
1877 2500 2165 2570 conscribebatur

127 2602 268 2672 iacebat
308 2601 354 2670 ita
391 2603 534 2673 nudatis
574 2616 615 2672 ut
651 2603 785 2671 solebat
821 2597 986 2669 cruribus
1022 2592 1123 2686 quasi
1175 2598 1332 2693 aliquid,
1358 2613 1392 2671 et
1405 2613 1446 2669 ut
1460 2622 1600 2670 necesse
1619 2614 1694 2671 erat
1707 2600 1804 2687 fieri,
1830 2603 2073 2687 tumultuarie,
2099 2627 2166 2671 no·
2223 2670 2228 2685 ,

126 2704 194 2796 qui
216 2716 350 2773 aestum
377 2707 543 2788 sentiret,
568 2728 649 2773 eum
675 2717 826 2773 extrema
848 2701 880 2769 ei
898 2696 1122 2789 iampridem
1176 2701 1274 2771 mine
1304 2701 1485 2787 omniurn,
1525 2728 1597 2796 quo
1621 2702 1761 2794 publice
1784 2705 1967 2796 proposito
1992 2728 2107 2797 neque
2130 2727 2167 2773 se

127 2804 319 2895 frigescere
341 2808 557 2902 coepissent,
583 2820 622 2874 ut
645 2805 817 2889 diximus,
842 2823 978 2895 neque,
1004 2799 1046 2867 ad
1065 2819 1124 2886 ge·
1177 2803 1291 2893 legere
1314 2827 1435 2892 posse,
1466 2804 1632 2895 expositis
1655 2804 1786 2889 causis,
1822 2807 1920 2875 etde
1946 2806 2105 2896 periculo
2128 2807 2166 2873 in

129 2932 207 2977 nna
222 2930 336 3001 usque
352 2909 478 2978 caloris
496 2908 630 3000 aliquid
649 2932 667 2977 a
684 2905 910 2997 tangentibus
926 2894 1125 2992 deprehen·
1178 2929 1249 2999 quo
1290 2905 1362 2975 vita
1406 2905 1641 2996 praeceptoris
1680 2920 1879 2976 versaretur
1911 2907 2167 2996 significabant,

130 3008 296 3094 deretur,
331 3010 394 3082 etsi
426 3011 507 3081 illas
541 3010 802 3102 explorantium
831 3002 1126 3077 contrectationes
1178 3007 1323 3101 eiusque
1348 3006 1497 3075 salutem
1519 3006 1684 3098 precihus
1709 3007 1958 3078 communibus
1986 3032 2169 3078 commen.

101 3135 202 3203 ·pro
231 3113 368 3202 pudore
393 3136 457 3183 suo
484 3110 637 3201 graviter
660 3113 752 3180 lerre
779 3105 1127 3179 animadvertebatur
1178 3110 1329 3194 dabant,
1368 3108 1499 3201 quibus
1532 3108 1595 3178 tali
1627 3122 1786 3199 tempore
1821 3109 2014 3200 discipulos
2050 3108 2196 3199 potins*

133 3238 177 3283 ex
198 3236 261 3293 eo,
287 3208 380 3308 qnod
405 3215 687 3308 quotiescunque
707 3236 726 3280 a
745 3211 891 3282 solicitis
913 3218 1126 3296 tangeretur,
1179 3235 1285 3304 quam
1309 3209 1393 3279 ullis
1416 3210 1522 3279 rebus
1544 3211 1622 3280 aliis
1648 3234 1771 3281 vacare
1795 3223 1985 3302 oporteret.
2037 3210 2169 3281 Forma

133 3337 277 3405 semper
290 3337 326 3384 se
339 3316 678 3389 contrectationibus
693 3315 923 3395 subduceret,
949 3310 1060 3377 rubor
1073 3319 1127 3375 ta·
1178 3311 1301 3404 scripti
1314 3306 1400 3381 haec
1418 3326 1469 3381 est
1483 3304 1548 3401 ⁴⁹):
2162 3324 2165 3329 ·

131 3439 220 3485 ΜΠ
234 3439 375 3508 8Ρὅπως
391 3418 537 3513 quidam
552 3416 651 3510 ‘lum
669 3416 885 3485 'naeniarum
902 3409 1127 3504 quarundam
1247 3438 1337 3510 (Hane
1355 3440 1488 3510 pagellam
1507 3439 1632 3495 dedimus
1649 3441 1684 3495 ad
1705 3441 1731 3497 d.
1750 3440 1792 3496 19.
1813 3440 1919 3512 April,
1947 3456 2030 3511 qnare
2048 3459 2108 3497 eam
2125 3440 2182 3497 hic.

133 3518 291 3589 calorem
308 3515 423 3590 adhuc
441 3542 620 3612 superesse
636 3518 674 3586 in
696 3517 793 3587 tibiis
806 3528 840 3586 et
855 3513 952 3586 ulnis
968 3509 1129 3594 docebat,
1283 3508 1536 3580 praetermisimus.)

133 3636 172 3689 et
198 3619 343 3691 virtutis
368 3623 491 3693 aderat
515 3616 631 3691 adhuc
656 3633 815 3704 tautum,
848 3630 889 3687 ut
913 3639 988 3685 non
1011 3611 1127 3681 solum
1672 3638 1781 3648 “w-

135 3745 267 3792 mssssUS
293 3735 326 3792 ei
346 3726 451 3814 pedes
474 3724 634 3815 expedite
658 3734 835 3804 moveret,
866 3719 927 3788 Sed
950 3715 1026 3786 Sine
1044 3712 1130 3783 uilis
1282 3728 1362 3801 Hoc
1383 3732 1512 3822 scripto
1530 3731 1712 3823 proposito
1730 3728 1841 3799 animi
1855 3753 2000 3821 prorsus
2016 3745 2175 3801 constet.

138 3824 367 3897 adminiculis
398 3829 442 3896 ub
464 3851 538 3896 uno
567 3826 676 3894 lutere
698 3824 736 3892 iu
766 3824 917 3893 alierum
941 3841 978 3888 ὅθ
1001 3816 1130 3886 ffatim
1182 3834 1280 3919 nari,
1305 3848 1340 3905 et
1360 3834 1587 3905 solicitudine
1611 3847 1716 3926 atque
1739 3832 1887 3902 tristicia
1905 3834 2077 3926 compleri
2091 3835 2175 3901 nni·

138 3940 271 4019 P⁰⁸⁸⁸i·
319 3925 431 4020 Pulpa
452 3951 536 3998 V⁰f⁰
554 3927 615 3997 illa
631 3949 732 3995 ΜΕ
752 3924 790 3993 in
805 3944 952 4015 ⁶⁰¹'P010
967 3918 1132 4001 maxims
1183 3960 1378 4017 versorum,
1397 3938 1493 4031 qnod
1503 3936 1615 4018 vultu,
1631 3935 1770 4004 incessu
1787 3947 1822 4002 et
1836 3936 1991 4025 gestibus
2007 3935 2176 4004 omnibus

141 4046 218 4099 tum
244 4029 374 4100 caeteri
397 4031 435 4098 in
459 4029 557 4101 tibiis
571 4043 605 4099 et
620 4026 816 4097 femoribus
829 4022 982 4094 musculi
995 4021 1059 4090 illo
1074 4018 1133 4088 bi·
1184 4039 1345 4131 plerique
1367 4039 1624 4128 significabant,
1675 4035 1726 4106 Et
1742 4060 1947 4129 quanquam
1962 4037 2088 4106 diebus
2104 4036 2177 4105 illis

144 4132 215 4201 duo
239 4155 329 4223 pene
352 4130 445 4203 inte'r
471 4132 592 4201 octalos
614 4128 862 4220 aspicientium
881 4147 986 4195 carne
1006 4144 1132 4192 evane-
1187 4140 1370 4233 infimis,
1404 4141 1534 4234 quibu,
1556 4137 1739 4210 Dominus,
1762 4154 1969 4228 praecepto„
2000 4162 2074 4207 „on
2100 4161 2178 4206 am.

145 4247 262 4304 ⁵⁶⁰¹!st
294 4234 586 4333 alissssuitbassiffl,
635 4232 781 4321 Sl’iffliio
810 4242 927 4299 amem
960 4223 1132 4319 Paulatim
1185 4244 1281 4338 plius
1297 4242 1335 4311 in
1350 4244 1534 4333 publicum
1551 4241 1695 4332 prodire
1710 4241 2070 4321 animadvertebatur,
2097 4260 2181 4329 pre-

146 4337 255 4425 ’ὓὸὅῖθ
286 4336 465 4428 massl⁸q¹¹⁸
497 4333 665 4427 ἰῐῃΡθάἰιί
694 4348 728 4405 ⁸²
759 4327 938 4402 anhelam
967 4347 1134 4398 elmere·
1188 4370 1243 4419 ces
1258 4345 1398 4437 publice
1417 4358 1451 4414 et
1469 4342 1655 4436 privatim,
1680 4357 1720 4412 ut
1740 4342 1913 4424 diximus,
1942 4341 2181 4410 intendeban-

147 4434 235 4507 Cum
268 4461 350 4525 “80
373 4440 418 4507 fid
437 4432 535 4507 hunc
556 4437 702 4505 ffl⁰d¹¹ffi
726 4434 864 4527 l’lilsside
889 4456 951 4502 ⁰⁰¹¹
977 4428 1136 4523 ‘ludim'
1189 4463 1267 4531 tur,
1293 4459 1327 4515 et
1349 4441 1550 4516 scholastici
1570 4445 1622 4514 sic
1646 4445 1945 4525 obversabantur,
1975 4456 2017 4512 ut
2037 4444 2081 4512 de
2102 4441 2182 4511 ani-

148 4534 266 4634 ret⁴⁷),
278 4535 456 4613 D.Pastor
471 4539 757 4630 compellandum
775 4560 856 4605 enm
871 4556 943 4603 esse
956 4532 1135 4603 interdum
1189 4572 1329 4619 morum
1351 4548 1573 4639 perculsione
1598 4546 1748 4616 iudicari
1771 4558 1904 4635 posset,
1940 4540 2080 4613 Tamen
2103 4555 2184 4634 post

151 4641 329 4724 ‘emebat’
361 4642 530 4712 medens
554 4664 637 4730 ²¹8⁰
660 4641 705 4709 fid
730 4640 901 4733 ¹9⁰²¹¹¹¹¹¹¹¹
923 4635 1023 4705 iubet
1044 4633 1136 4702 clm
1190 4647 1283 4721 hanc
1315 4648 1607 4738 significationem
1629 4646 1780 4738 pristina
1808 4646 2028 4734 augebantur
2049 4643 2182 4730 omnia,

94 4800 97 4815 ·
153 4813 351 4832 ..........
1192 4767 1226 4823 et
1254 4752 1345 4822 sicut
1376 4765 1457 4821 ante
1486 4753 1659 4830 lacerant,
1693 4761 1732 4817 ut
1753 4747 1847 4816 fores
1873 4749 1999 4817 domus
2024 4742 2184 4837 Philippi

181 4907 226 4973 gg)
245 4906 515 4977 Rp„„„-,·„g„j
529 4902 611 4958 w,
631 4902 783 4985 vomu,
796 4917 890 4954 rursu·
905 4900 1077 4958 decubuisset
1087 4899 1138 4953 ,g
1163 4914 1167 4990 Ι
1192 4847 1458 4934 Melanthonis,
1485 4866 1518 4924 et
1535 4851 1775 4941 ingredientes
1791 4861 1896 4942 atque
1913 4849 2127 4936 egredientes
2144 4847 2184 4913 in

214 4976 385 5051 quantisper,
404 4984 496 5047 e⁰³²²³
510 4971 576 5042 eritti
589 4990 617 5026 ¹⁸
631 4990 659 5026 ¹¹¹
673 4971 773 5026 lectulo
786 4970 886 5026 iubeas*
1193 4958 1250 5028 via
1270 4954 1415 5048 publica
1441 4957 1689 5037 observarent,
1724 4964 1758 5021 et
1779 4951 1917 5034 vultus,
1942 4964 1976 5020 et
1997 4972 2099 5019 voces
2118 4943 2187 5016 ho·

181 5065 227 5133 44)
245 5061 298 5117 Ed.
310 5060 336 5115 ἰ.
349 5057 438 5115 addit:
457 5074 522 5110 voce
533 5072 597 5110 sua.

180 5150 227 5214 45)
247 5146 297 5200 ud.
310 5147 337 5202 2.
355 5147 394 5198 ad
409 5160 494 5211 quom
508 5158 569 5193 rem
584 5158 659 5198 sum.
1792 5206 1798 5220 ι
2111 5206 2115 5215 Ι

181 5237 226 5297 ts)
245 5234 398 5298 scripturus
410 5232 485 5295 erat]
503 5224 555 5281 Ed.
567 5225 594 5281 2.
611 5225 758 5279 scribendo
765 5222 904 5292 fuissent.
1228 5215 1274 5283 48)
1291 5229 1393 5267 rursus
1408 5213 1484 5266 abest
1496 5208 1541 5264 bic
1553 5210 1586 5263 ab
1600 5207 1645 5263 ed.
1657 5209 1684 5265 2.
1700 5216 1725 5262 et
1739 5216 1859 5280 pontum
1874 5213 1934 5276 post
1946 5221 2003 5272 seq.
2021 5211 2051 5254 ut
2068 5221 2124 5271 qua.

182 5325 227 5377 47)
243 5320 356 5384 placide
373 5333 422 5369 ceu
440 5319 603 5381 ‹putesceretj
628 5310 698 5363 Edit·
718 5311 743 5370 2.
765 5311 887 5375 moeret,
911 5310 952 5361 ito
970 5317 1002 5362 ut
1020 5306 1142 5372 longuriis
1229 5298 1276 5368 49)
1294 5298 1403 5380 Fprma
1420 5295 1519 5362 scripti
1535 5298 1564 5350 b.
1583 5302 1657 5378 ests]
1684 5293 1732 5383 lid.
1750 5295 1775 5350 9.
1795 5289 1909 5359 „Huius
1927 5285 2020 5358 scripti
2040 5286 2191 5355 exemplum

215 5389 319 5454 spaciis
330 5387 441 5438 nullom
454 5400 550 5436 vocem
563 5383 712 5434 emitteret.
1265 5367 1447 5432 subiecimus,
1470 5363 1545 5433 qnod
1562 5362 1614 5417 lust
1634 5361 1694 5419 tale.
1708 5362 1716 5387 ’

151 5474 329 5538 llraxrru.
357 5463 460 5529 Orsa.
488 5462 571 5527 Vos.
598 5458 646 5524 Χ.
1462 5436 1507 5509 16
