4546 5760
101 201 154 279 te
268 158 724 279 EPISTOLARUM,
764 175 1139 262 lUDlCIORUM
1173 170 1250 249 ΕΤ
1284 168 1683 249 SCRIPTORUM
1721 170 1987 252 ἨΕΚΝ-
2085 174 2136 247 80

105 389 204 440 meae
218 361 361 441 babeas.
408 361 490 436 Non
507 360 620 434 ausim
637 383 657 429 a
677 371 729 442 te,
761 351 907 426 homine
926 364 1096 443 occupato
1146 341 1274 415 lecturi
1290 364 1448 426 eramus,
1474 353 1593 411 tamen
1612 340 1768 412 delector
1781 340 1892 436 patric
1905 335 2144 426 humanitate,

107 469 266 560 flagitare
288 469 425 553 literac;
468 466 527 535 secl
554 478 672 533 tamen
696 460 869 543 arbitror,
901 471 936 529 te
958 453 1095 546 aliquid
1148 446 1212 540 qui
1226 444 1429 561 cognoscin
1441 457 1480 561 te
1497 443 1749 561 gratitudinem
1765 457 1924 515 nostram
1938 443 2077 528 voluit,
2102 456 2144 515 ut

108 572 279 664 temporis
301 569 423 640 amicis
445 568 619 648 tribuere,
650 562 711 632 nbi
728 561 757 629 si
775 560 861 653 quid
875 560 918 627 ad
937 581 993 626 me
1005 578 1098 648 quo-
1149 568 1264 618 mores
1287 558 1401 616 nostri
1424 545 1490 617 tibi
1509 545 1685 635 voluptati
1711 559 1837 615 esseut.
1888 542 2063 617 Libenter
2076 545 2145 636 igi-

109 697 180 769 que
204 673 394 745 literarum·
413 668 571 752 dederis,
600 687 767 754 magnum
782 686 839 730 me
857 663 920 730 abs
941 672 974 730 te
990 659 1098 727 bene·
1149 664 1208 721 tur
1221 649 1266 718 ad
1282 662 1316 719 te
1330 647 1455 739 scripsi
1470 659 1511 717 ut
1527 646 1818 734 significationem
1839 647 1932 737 grati
1948 646 2061 718 animi
2076 646 2147 720 tibi

107 774 228 846 ficium
253 757 426 865 accepisse
445 782 608 840 statuam.
663 761 741 856 Ego
762 765 792 833 si
812 787 885 857 quo
901 759 1017 831 officio
1036 759 1099 826 de-
1148 751 1380 823 cstcnderem.
1445 746 1536 818 Nam
1558 747 1767 819 beneficium
1796 763 1898 820 tuum
1928 772 2002 818 non
2024 749 2146 820 solnm

107 879 242 949 clarere
264 899 382 946 meum
407 895 488 962 erga
519 884 553 940 te
585 868 746 938 animum
777 889 932 958 unquam
962 874 1099 954 potero,
1149 844 1481 923 hocnominemihi
1496 862 1634 938 gratum
1650 865 1718 935 est,
1743 845 2145 943 quodnobisltoctem·

107 977 286 1072 perficiam
302 990 341 1048 ut
356 971 529 1064 intelliges
545 970 666 1041 metui
683 967 962 1039 amantissimum
979 985 1064 1033 ease.
1149 977 1253 1048 porc,
1283 953 1322 1021 in
1346 965 1440 1021 tanta
1464 952 1671 1022 difficultate
1695 977 1813 1023 rerum
1837 951 1986 1044 pecunia
2007 952 2146 1039 maiore

1149 1079 1240 1148 opus
1262 1067 1332 1139 ost,
1365 1056 1427 1123 sed
1451 1054 1555 1126 etiam
1582 1052 1666 1146 quia
1689 1054 1863 1144 significas
1884 1055 2145 1136 tetfaverestn·

1151 1160 1221 1228 diis
1246 1156 1389 1227 nostris.
1447 1153 1648 1227 Plurimum
1668 1172 1784 1227 autem
1807 1158 1902 1247 apud
1925 1168 2061 1246 patrem
2083 1168 2145 1229 tun

1060 1331 1062 1334 ,
1151 1259 1321 1330 autoritas
1344 1257 1449 1326 nobis
1464 1259 1630 1349 prodesse
1642 1270 1770 1352 potest.
1822 1255 2001 1351 Aequiore
2021 1256 2145 1331 animo

107 1351 176 1429 No.
191 1349 304 1426 7071.
968 1388 1018 1406 ··
1044 1380 1099 1456 ···,
1151 1361 1286 1433 fovebit
1307 1360 1423 1429 studia
1440 1372 1578 1443 nostra,
1609 1359 1639 1428 si
1656 1361 1721 1428 tibi
1737 1359 1874 1451 placere
1900 1384 1939 1429 ea
1955 1358 2144 1451 intelliget.

116 1447 288 1482 ω
964 1440 1094 1471 “⁹⁸
1154 1462 1231 1552 Ago
1255 1462 1374 1553 itaque
1395 1461 1462 1533 tibi
1477 1462 1685 1553 gratiaspro
1700 1484 1863 1551 munere,
1895 1475 1928 1532 et
1949 1462 2044 1533 dabo
2059 1485 2171 1555 ope-¹

541 1534 595 1620 Ν·
626 1533 680 1620 Ν·
1153 1589 1228 1636 ram
1250 1579 1289 1635 ut
1311 1585 1498 1651 cognoscas
1520 1577 1612 1634 recte
1635 1564 1845 1634 collocatum
1871 1585 1955 1639 esse.
2009 1561 2145 1654 ‘Quan-

181 1703 326 1774 Eupogr.
339 1698 367 1754 tn
380 1697 444 1756 eod.
462 1695 532 1753 nihl.
547 1695 632 1751 Palae.
646 1693 747 1750 vienn.
760 1691 855 1750 theol.
867 1708 913 1747 no.
925 1687 985 1744 926.
997 1685 1047 1741 tot.
1059 1684 1102 1739 tt.
1155 1691 1261 1760 qrram
1275 1678 1392 1735 autem
1409 1664 1518 1755 patris
1532 1689 1666 1735 summa
1683 1679 1734 1734 est
1748 1687 1827 1754 erga
1851 1688 1916 1734 nos
1931 1666 2062 1757 pietas,
2091 1680 2146 1738 ta-

214 1771 313 1827 verro.
1154 1792 1236 1837 men
1263 1780 1296 1837 te
1316 1769 1491 1837 orandum
1514 1787 1588 1835 esse
1612 1768 1716 1847 duxi,
1748 1780 1788 1837 ut
1814 1767 1890 1836 eius
1909 1767 2086 1838 iudicium
2103 1771 2147 1839 de

121 1950 127 1958 η
279 1927 285 1942 ,
431 1919 492 1994 Η
532 1918 591 1994 M
605 1918 622 1991 l
725 1918 732 1937 .
790 1917 806 1988 Ι
863 1915 888 1990 Ι
990 1914 998 1932 ·
1080 1911 1088 1930 ·
1156 1868 1286 1939 nostris
1311 1869 1439 1938 studiis
1456 1891 1495 1936 ac
1517 1868 1736 1939 voluntatem
1755 1868 1960 1954 confirmes,
1994 1892 2147 1964 eumque

113 1927 180 2065 All
204 1950 362 2000 mmmm
397 1919 532 2097 ΞΜ,
587 1947 631 1995 ⁶⁰
673 1930 788 2091 episi?
806 1944 829 1988 a
890 1940 995 1988 ‘mm
1028 1938 1104 1985 cm·
1156 1967 1328 2056 horteris,
1360 1983 1401 2040 ut
1419 1983 1602 2064 postquam
1620 1970 1689 2045 iam
1707 1970 1823 2063 aliqua
1841 1995 1921 2040 cum
1939 1995 2000 2062 spe
2017 1971 2057 2041 in
2073 1986 2148 2041 stu·

435 2051 496 2096 “m
537 2027 759 2123 ll’m‘smp
777 2047 814 2092 α’
1156 2073 1225 2142 diis
1239 2095 1439 2152 versamur,
1473 2095 1547 2141 non
1566 2072 1735 2161 gravatim
1759 2073 1959 2163 suppeditet
1976 2087 2150 2166 sumptus.

116 2170 165 2262 S.
189 2182 236 2260 D.
288 2181 390 2253 Misit
414 2181 518 2258 nobis
542 2193 639 2272 puter
662 2201 791 2247 munus
816 2190 916 2252 tuum
931 2166 1104 2243 Avecha-
1156 2172 1346 2246 Enitemur
1359 2174 1452 2244 enim
1469 2174 1638 2244 omnibus
1652 2175 1787 2265 ingenii
1803 2175 1959 2261 viribus,
1988 2197 2029 2245 ac
2052 2198 2150 2246 sum-

114 2287 272 2370 rissime,
292 2309 331 2355 ac
341 2283 534 2373 diligenter
552 2280 748 2374 praecepit,
766 2291 811 2369 *ut
826 2278 892 2349 tibi
906 2300 969 2371 per
987 2275 1106 2344 literas
1157 2299 1214 2346 ma
1230 2276 1412 2366 diligentia
1429 2291 1469 2348 ut
1482 2276 1599 2347 studia
1614 2291 1736 2346 nostra
1752 2276 1957 2349 liberalitati
1980 2276 2093 2369 patris
2110 2299 2149 2349 ac

114 2412 297 2481 ageremus
331 2386 478 2479 gratias,
521 2387 617 2477 quod
653 2384 735 2463 etsi,
779 2395 819 2453 ut
854 2382 970 2463 decet,
1011 2376 1106 2447 ultro
1159 2379 1391 2469 expectationi
1412 2379 1824 2470 vestrae'respondeant.
1884 2374 2001 2449 Deum
2021 2400 2149 2470 precor

299 2541 331 2558 ,,
1157 2492 1198 2550 ut
1216 2474 1311 2549 hunc
1327 2503 1468 2555 cursum
1487 2479 1669 2550 institutae
1681 2480 1774 2550 vitae
1789 2502 1888 2548 meae
1903 2479 1951 2551 ita
1967 2481 2150 2569 gubernet,

150 2620 182 2686 s)
203 2617 329 2673 fort-ue
347 2611 566 2681 Memnonio.
1159 2595 1200 2652 ut
1218 2581 1319 2651 vobis
1336 2581 1509 2671 voluptati
1524 2605 1597 2655 esse
1612 2581 1731 2674 possit.
1780 2578 1878 2650 Bene
1891 2582 1980 2657 vale.

171 3604 235 3714 C)
306 3600 652 3692 scflnnAn
710 3592 1035 3685 Potamon
1077 3512 1423 3675 'Armate
1479 3584 1522 3669 A
1578 3577 2117 3669 MELAN'I'HONR

263 3714 268 3725 ι

352 3814 529 3897 (Servavit
567 3814 742 3899 pleresque
777 3809 850 3877 cod.
883 3808 983 3875 Besit
1017 3805 1072 3872 at.
1107 3811 1143 3867 et
1177 3797 1311 3864 lticcius
1346 3797 1379 3862 in
1413 3796 1653 3876 miscellaneis,
1706 3805 1741 3861 et
1777 3787 1937 3880 pertinent

913 3910 956 3977 cd
984 3926 1087 3976 anuos
1111 3898 1376 3985 toto-15³9.)

129 4136 326 4217 Noflon,
536 4189 541 4197 .
974 4174 1025 4189 -
1050 4169 1102 4190 -
1171 4119 1380 4214 displicinae
1403 4144 1527 4209 causa,
1555 4137 1597 4193 ut
1619 4117 1766 4192 honesta
1790 4121 1904 4191 officia
1924 4121 2159 4195 adolescentes

138 4236 310 4271 *Α*
950 4228 1120 4258 “²“
1173 4224 1311 4309 discant
1324 4220 1488 4294 exhibere
1504 4224 1680 4295 foemineo
1698 4215 1813 4294 sexui:
1845 4219 1979 4293 habeut
1997 4218 2161 4296 honestas

148 4326 151 4331 ’
506 4336 745 4426 smmi&
973 4314 977 4322 ’
1174 4350 1294 4397 causas
1307 4321 1466 4395 choreae.
1517 4323 1637 4415 Quare
1653 4349 1726 4396 non
1737 4338 1790 4396 est
1800 4325 2101 4416 permittendum,
2125 4339 2164 4397 ut

589 4436 596 4451 ’
1174 4451 1252 4498 mos
1279 4429 1324 4498 ad
1355 4426 1579 4520 disciplinam
1614 4443 1647 4500 et
1680 4424 1936 4498 humanitatem
1972 4423 2188 4511 institutum

1176 4533 1388 4622 depravetur
1409 4530 1646 4600 obscoenitate
1676 4530 1733 4598 vel
1757 4529 1979 4604 scurrilitate.
2028 4524 2167 4617 ‚Prohi-

1177 4635 1300 4702 bemns
1323 4631 1448 4723 igitur,
1481 4633 1576 4703 inter
1595 4632 1797 4701 saltandum
1828 4632 1867 4699 in
1888 4652 1991 4724 gyros
2015 4629 2166 4703 circum·

1177 4732 1261 4804 duci
1276 4734 1430 4824 puellas,
1458 4747 1498 4806 ut
1510 4735 1548 4804 fit
1564 4757 1585 4803 a
1601 4733 1824 4826 quibusdam.
1883 4726 2121 4805 Prohibemuc
2136 4748 2168 4805 et

471 4907 474 4912 ,
1179 4835 1247 4906 alia
1273 4831 1459 4907 inhonesta
1480 4835 1648 4926 exempla.
1707 4828 1867 4904 Chorene
1890 4829 2020 4903 habent
2036 4857 2168 4908 nomen

136 4920 379 5020 intelligimus
400 4931 575 5022 quosdam
600 4928 639 4998 in
662 4922 802 4999 choreis
825 4934 976 5022 publicis
997 4935 1064 5006 sibi
1082 4935 1127 5006 li·
1180 4931 1349 5023 achoris,
1384 4939 1446 5030 qui
1460 4961 1534 5007 non
1550 4949 1688 5008 tantum
1702 4943 1864 5008 constant
1880 4930 2069 5007 harmonia
2080 4928 2168 5009 'can-

138 5031 289 5104 centiam
306 5031 509 5121 permittere
527 5032 748 5123 quarundam
772 5033 1006 5125 ineptiarum,
1039 5062 1129 5133 quae
1180 5054 1257 5124 tus,
1286 5041 1467 5110 sedetiam
1484 5051 1646 5129 gestuum
1663 5053 1861 5111 etmorum.
1912 5033 2010 5107 Haec
2027 5031 2169 5111 harmo-

132 5152 214 5204 'non
231 5134 374 5213 decent,
401 5145 435 5203 et
450 5133 630 5202 interdum
643 5133 796 5205 afferunt
812 5136 1010 5227 periculum
1023 5143 1130 5232 puel·
1181 5143 1242 5211 nia
1265 5149 1339 5211 uon
1373 5154 1426 5211 est
1457 5141 1707 5232 perturbanda.
1767 5136 1838 5210 Sed
1874 5161 1950 5208 mos
1982 5132 2172 5226 honestus,

140 5236 186 5305 lis
202 5233 424 5308 saltantibus.
473 5231 565 5304 Cum
583 5248 699 5304 autern
718 5230 866 5306 choreae
888 5262 961 5308 non
979 5242 1129 5314 debeant
1182 5239 1330 5313 honeste
1345 5243 1516 5313 colendus
1531 5255 1593 5315 est.
1645 5241 1684 5314 si
1699 5241 1780 5335 quis
1794 5253 1915 5310 contra
1932 5233 2001 5312 hoc
2016 5241 2169 5316 edictum

139 5350 216 5408 etse
233 5333 409 5407 barbarici
432 5349 494 5409 aut
516 5349 636 5427 turpes
652 5335 746 5423 ludi,
780 5340 840 5408 sed
861 5339 1044 5413 institutae
1059 5346 1132 5432 siut
1183 5346 1326 5432 lecerit,
1347 5345 1384 5413 in
1394 5332 1957 5415 huncsevereanimadvertemul.
1989 5338 2171 5416 Postremo

199 4501 288 4557 blant.
300 4499 402 4572 sarug·
422 4499 512 4572 psas
524 4517 565 4575 eq.
626 4574 629 4579 Δ

134 4671 381 4757 Deltortotio,
421 4699 464 4746 ne
485 4671 634 4774 puellae
656 4672 697 4746 in
716 4700 833 4772 gyros
857 4674 1059 4750 ducuntur:
1094 4687 1125 4751 ct

157 4835 163 4845 .
289 4799 403 4849 causa
426 4771 652 4849 curclorene
674 4778 864 4850 institutae
877 4790 975 4852 cunt.
