4546 5760
112 162 190 237 200

471 152 724 234 SCRIPTA
762 151 835 233 AD
867 152 1063 235 vtrau
1095 153 1170 237 ΕΤ
1204 157 1442 247 OBITUM
1476 170 1783 263 Mannum.

2071 192 2145 271 Μ

116 338 242 405 misera
269 333 396 403 rudera
418 331 469 403 rei
490 331 675 402 familiaris
696 332 780 402 satis
797 343 981 403 testantur.
1029 329 1105 402 De-
1154 337 1345 411 sobrietate
1366 366 1407 414 ac
1432 346 1734 437 optimo.vivendi
1757 356 1904 445 ordine,
1938 358 1988 434 ita
2017 384 2146 455 eorpus

118 439 313 509 lectabatur
327 431 394 505 hoc
410 434 505 503 dicta
526 431 695 519 Achillis,
710 436 815 527 'quod
840 446 893 503 est
907 434 1002 526 apud
1017 430 1106 503 Plri-
1154 438 1290 533 alioqui
1303 443 1421 516 debile
1433 450 1633 535 roboravit,
1659 470 1699 529 ut
1712 460 1874 531 maximis
1887 461 1995 532 etiam
2010 465 2147 537 labori-

119 543 324 617 lostratum,
344 531 456 627 Ἐμὸν
472 533 565 604 ἴστω
585 530 628 607 τὸ
648 536 774 607 πλοῖον
786 540 863 609 τῶν
877 532 1001 633 ἔργων
1012 528 1106 629 xpri·

1155 541 1222 610 bus
1242 542 1428 621 sufficeret.
1478 547 1806 631 Animadvertimus
1821 576 1941 633 tamen
1962 580 2040 655 post
2054 576 2147 637 'eon-

120 660 210 733 μασι
230 632 273 710 δὲ
292 631 551 708 πλεονεκοιίτω
568 632 588 703 d
604 630 851 729 βουλόμενος,
879 639 917 707 id
937 652 1005 722 est,
1028 660 1105 706 mea
1155 640 1246 731 iugis
1263 643 1445 719 interitum
1467 651 1506 721 in
1523 653 1599 725 dies
1620 658 1779 749 singulos
1793 665 1905 753 magis
1924 680 2147 741 attenuatum

120 740 354 813 sillabarum
384 762 462 828 pars
488 737 617 820 maiar,
641 739 787 829 pecunia
812 752 927 809 autem
949 739 1107 810 abundet

122 843 185 937 qui
201 838 306 913 colet.
357 839 495 909 Scimus
517 863 621 931 quam
645 840 783 932 amplae
807 839 1028 959 conditiones
1053 838 1107 907 illi

122 968 224 1035 saepe
243 942 384 1011 oblatae
414 940 567 1021 inierint,
600 966 673 1007 non
697 956 737 1011 ut
767 965 786 1009 a
817 942 922 1010 nubas
946 942 1107 1010 deiiceret

120 1148 203 1231 ille,
229 1157 264 1213 et
286 1142 399 1212 multo
427 1142 559 1211 leviore
583 1144 793 1232 compendio
815 1144 903 1215 moti
931 1138 1108 1237 fecerunt)

122 1249 183 1318 sed
207 1258 248 1315 ut
274 1258 413 1313 tantum
436 1243 474 1311 iu
505 1244 920 1335 quibusdamdoctrinae
949 1245 1109 1336 partibus

123 1347 245 1417 mitius
278 1360 404 1435 ageret,
462 1344 521 1413 Sic
556 1345 648 1413 euim
682 1346 864 1429 dicebaut,
904 1350 1110 1416 concederet

123 1450 314 1544 quaedam,
340 1470 429 1539 quae
443 1469 517 1514 uon
531 1448 648 1533 magui
667 1450 835 1517 momenti
853 1471 925 1516 esse
944 1448 1109 1516 videren-

123 1568 200 1636 tur,
231 1573 295 1618 nec
319 1548 448 1616 sineret
466 1548 513 1615 ob
537 1546 601 1616 ista
626 1548 716 1616 levia
742 1550 967 1617 concordiam
985 1546 1109 1617 Eccle-

123 1655 195 1722 siae
228 1648 393 1732 dissolvi,
428 1644 483 1716 Ad
512 1673 602 1740 quae
633 1652 814 1740 respondit
846 1649 926 1728 ille,
960 1650 1048 1719 scire
1073 1674 1110 1718 se

124 1754 229 1823 etiam
255 1750 341 1820 olim
356 1748 508 1818 Arianos
529 1751 573 1816 ab
588 1746 841 1820 Homousiauis
862 1754 985 1821 eodem
1002 1752 1109 1820 modo

127 1853 339 1946 postulasse,
366 1874 411 1919 ne
428 1863 572 1939 propter
590 1855 663 1920 dero
683 1853 789 1921 verba
806 1848 998 1921 Ecclesiam
1018 1853 1109 1921 lace-

123 1956 197 2026 rari
213 1954 379 2030 sinerent,
404 1952 484 2019 illos
497 1965 614 2018 tamen
632 1976 706 2020 nou
725 1954 949 2037 concessisse,
970 1977 1006 2022 se
1020 1978 1110 2046 quo·

125 2081 193 2149 que
219 2049 311 2122 nihil
335 2053 406 2121 illis
433 2052 552 2140 largiri
580 2067 638 2121 aut
663 2058 853 2123 concedere
871 2077 990 2146 posse,
1014 2052 1111 2124 Haec

125 2164 288 2244 dogmata
309 2170 471 2245 oportere
489 2177 577 2242 pura
593 2156 810 2235 conservari,
838 2157 1052 2274 etrefutari,
1078 2169 1112 2224 ct

125 2259 375 2330 refutationem
397 2268 470 2324 tam
497 2266 668 2324 tetrorum
690 2279 851 2326 errorum
879 2280 1109 2326 necessarum

125 2383 209 2431 esse.
261 2356 362 2429 Sicut
392 2355 463 2423 illis
494 2370 578 2424 tunc
608 2359 807 2446 respondit,
836 2359 885 2428 ita
909 2373 1111 2449 perpetuam

31 2444 35 2457 ’
126 2464 201 2531 eius
217 2473 251 2529 et
263 2471 480 2528 constantem
494 2459 703 2528 sententiam
718 2460 837 2541 fuisse,
858 2460 967 2545 ipsius
984 2462 1112 2547 scripta

125 2575 311 2639 testantur,
334 2573 369 2627 et
386 2572 518 2627 uoruut
537 2583 676 2643 omues,
699 2560 828 2651 quibus
847 2562 991 2650 propius
1008 2576 1113 2629 notus

123 2666 205 2736 l'uit.
1077 2762 1085 2779 .

221 2762 325 2832 Nunc
340 2759 445 2829 venio
462 2761 505 2827 ad
522 2784 635 2829 utores
652 2774 686 2829 et
701 2761 808 2828 vitam
829 2762 1049 2845 interiorem,
1075 2786 1113 2830 ru

127 2866 258 2959 quibus
279 2857 372 2930 nihil
396 2885 558 2949 asperum
582 2862 667 2945 fuit,
692 2865 752 2931 sed
776 2886 913 2932 summa
936 2866 1060 2933 leuitas
1081 2878 1115 2934 et

126 2965 375 3037 mansuetudo.
425 2961 513 3031 Nam
530 2962 638 3031 bilem
655 2988 724 3056 qua
740 2987 866 3054 corpus
881 2967 917 3032 in
934 2966 1115 3034 iuventute

128 3067 220 3139 affici
244 3078 398 3156 poterat,
422 3064 652 3134 meditatione
675 3080 708 3133 et
732 3066 898 3155 patientia
916 3067 1114 3135 mansuefe-

128 3182 241 3251 cerat,
273 3165 383 3256 Saepe
406 3167 498 3234 enim
519 3159 587 3234 hoc
604 3161 841 3257 Sophocleum
863 3166 901 3234 in
921 3191 982 3235 ore
1007 3163 1115 3235 habe-

128 3275 209 3351 bat,
237 3264 402 3364 στέργειν
423 3261 498 3361 γὰρ
526 3262 567 3335 αἱ
588 3262 713 3336 nadal
733 3260 818 3356 μεχ’
843 3262 874 3336 oi
893 3262 1030 3360 χρόνος
1052 3269 1115 3348 ξυ-

40 3368 48 3383 ’
127 3368 209 3444 ‘veiv
235 3365 378 3461 μακρὸς
403 3362 591 3451 διδάσκει,
619 3362 683 3438 καὶ
707 3363 748 3438 τὸ
775 3370 951 3465 γενναῖον
974 3364 1114 3463 τρίτον.

128 3472 174 3543 ln
194 3469 361 3541 familiari
382 3470 546 3540 convictu
568 3483 602 3538 et
624 3469 802 3562 colloquio
822 3470 988 3539 omnibus
1010 3472 1116 3540 nohis

131 3575 285 3646 suavitas
299 3573 407 3653 illius,
430 3588 469 3640 ut
485 3570 679 3654 notissima,
705 3572 751 3639 ita
767 3572 1020 3641 iucundissima
1035 3574 1115 3646 suit·

129 3675 186 3746 De
199 3674 278 3744 aliis
295 3698 369 3741 nou
385 3672 521 3756 dicam,
546 3696 608 3760 ego
627 3674 769 3764 quidem
789 3672 952 3751 lacrimo,
978 3676 1116 3764 qimties

130 3776 257 3867 cogito,
281 3798 371 3868 quae
385 3796 459 3841 mea
473 3774 591 3841 futura
606 3774 650 3841 sit
667 3774 703 3839 iu
718 3766 783 3839 hac
799 3772 924 3839 misera
939 3787 1116 3843 senectute

131 3880 195 3949 illo
223 3878 350 3945 amisso
373 3875 544 3944 solitudo:
571 3866 837 3969 φιλοστοργίαν
859 3896 932 3941 nou
955 3875 1044 3958 scio,
1071 3899 1115 3943 au

131 3982 171 4049 in
198 3979 273 4048 ullo
296 3974 440 4048 homine
463 3977 631 4043 maiorem
657 3972 826 4055 viderim,
862 3989 960 4046 tanto
986 3990 1018 4045 et
1046 3991 1115 4047 tam

129 4104 214 4150 vero
237 4103 357 4149 amore
380 4078 582 4165 coniugem,
607 4075 755 4160 liberos,
781 4089 924 4166 nepotes
946 4092 979 4148 et
996 4092 1118 4170 neptes

122 4182 447 4273 complectebatur,
473 4174 570 4246 Haec
591 4202 645 4244 me
663 4200 743 4245 vera
767 4177 883 4246 dicere
907 4202 1029 4247 omnes
1051 4204 1116 4248 no-

131 4284 244 4357 vistis.
295 4279 531 4351 Beneficeutia
548 4302 650 4363 vero,
676 4293 779 4370 atque
796 4278 920 4357 etiam,
947 4293 984 4348 ut
1000 4281 1038 4349 in
1054 4282 1117 4350 illa

130 4387 303 4455 tenuitate
331 4383 383 4453 rei
412 4378 596 4451 familiaris
625 4402 704 4468 erga
730 4402 853 4447 omnes
875 4380 1115 4453 munificentia

125 4492 221 4577 'pene
253 4486 367 4555 maior
398 4482 486 4566 iuit,
520 4504 625 4574 quam
652 4478 762 4569 ipsius
789 4490 844 4548 res
870 4481 960 4551 serre
988 4498 1116 4574 posset,

8 4586 11 4591 ’
129 4609 237 4655 nemo
255 4588 299 4656 ab
318 4587 379 4655 illo
399 4581 608 4655 beneficium
631 4594 692 4651 aut
708 4580 964 4675 eleemosynam
984 4584 1116 4655 frustra

128 4689 288 4781 petebat,
313 4710 427 4779 neque
450 4684 518 4754 ulli
542 4681 769 4775 quantumvis
794 4682 999 4773 importuno
1026 4687 1116 4803 peel.

129 4789 199 4861 tori
217 4788 395 4879 praeclusa
417 4799 492 4854 erat
514 4784 624 4874 ipsius
640 4782 849 4871 benignitas.
900 4782 991 4857 Rem
1010 4788 1116 4855 fanu.

126 4890 251 4960 liarern
267 4903 407 4959 tenuem
424 4901 458 4956 et
473 4886 627 4956 attritam
643 4882 805 4976 reliquit,
832 4886 891 4953 sed
911 4888 1116 4979 locupletis-

125 4992 254 5062 simum
271 4988 532 5061 Patrimonium
550 4985 672 5055 liberis
688 4999 739 5056 est
754 4984 849 5054 bona
871 4986 962 5057 lama
986 5014 1115 5081 pareu-

123 5110 219 5179 tum,
244 5107 278 5163 et
295 5091 390 5162 Deus
405 5084 614 5158 haeredibus
630 5085 740 5178 ipsius
757 5084 863 5155 etiam
880 5088 1074 5162 benedicet.

226 5193 373 5262 Viribus
394 5190 551 5281 eorporis
576 5186 814 5257 imbecillibus
836 5186 907 5259 tuit
927 5208 963 5263 et
977 5193 1115 5265 valetu-

120 5296 205 5365 dine
222 5295 321 5365 tenui
334 5294 420 5362 inde
436 5314 547 5384 usque
562 5312 583 5359 a
601 5289 764 5380 pueritia,
788 5288 855 5361 sed.
864 5296 1111 5387 temperantia,

1156 767 1197 814 ac
1210 746 1434 819 debilitatum
1447 750 1568 829 luisse.

1259 873 1392 951 Animo
1423 888 1467 953 ad
1498 902 1648 961 mortem
1677 914 1816 988 semper
1840 896 1909 969 luit
1932 902 2147 995 aequissimo

122 1044 235 1139 (qttod
263 1042 408 1136 qnidam
440 1042 582 1130 propria
613 1041 771 1125 malicia,
804 1048 894 1112 sicut
926 1040 1108 1111 lscariotes
1159 980 1365 1097 ”ldm‘lu‘
1381 1008 1401 1053 ⁸
1418 1002 1618 1075 ¹¹¹V⁰¹¹¹⁰¹ev
1645 987 1713 1064 h⁰⁰
1729 1010 1846 1069 ³¹¹l0m
1862 1022 2025 1090 Proxtmo
2044 1004 2148 1075 bren·

1160 1083 1339 1151 moesiam
1352 1086 1502 1175 cupidus
1516 1093 1713 1182 moriendi,
1734 1122 1827 1192 quae
1845 1124 1947 1173 causa
1971 1104 2083 1177 fuerit
2095 1106 2149 1177 fa.-

1160 1181 1225 1249 cile
1239 1184 1429 1256 existimari
1455 1203 1588 1279 potest,
1613 1199 1777 1269 taedebat
1799 1224 1878 1271 eum
1896 1202 1967 1273 iam
1981 1208 2149 1298 petulan-

1159 1283 1248 1366 tiae,
1273 1283 1614 1379 Sycophantiarum,
1639 1312 1672 1368 et
1693 1300 1855 1373 maliciae
1873 1297 2063 1380 hominum
2079 1304 2148 1381 hu·

1160 1383 1216 1452 ius
1231 1398 1370 1455 nostrae
1386 1392 1519 1465 aetatis.

1265 1500 1417 1574 Ultimus
1436 1522 1552 1576 autem
1577 1525 1673 1582 actus
1697 1517 1791 1587 testis
1809 1533 1859 1591 est
1875 1522 2092 1596 certissimus
2106 1530 2149 1597 de

1161 1614 1234 1672 tota
1249 1602 1324 1672 eius
1339 1606 1519 1696 superiore
1535 1612 1625 1697 vita,
1649 1615 1785 1699 animo,
1812 1635 1846 1691 et
1861 1625 2019 1695 consiliis
2033 1628 2149 1697 omni·

1162 1704 1246 1789 bus,
1271 1719 1376 1797 atque
1400 1711 1573 1797 ostendit,
1598 1717 1694 1807 quod
1716 1715 1809 1788 nihil
1833 1746 1991 1818 unquam
2014 1743 2148 1821 specta-

1162 1806 1252 1873 verit
1273 1820 1333 1875 aut
1351 1810 1561 1899 quaesiverit
1576 1815 1690 1899 aliud,
1716 1844 1822 1911 queam
1846 1824 1995 1912 gloriam
2014 1824 2152 1902 Christi

1163 1918 1197 1975 et
1210 1904 1385 1976 Ecclesiae
1398 1912 1558 1984 salutem.
1611 1913 1770 2009 Tempus
1785 1922 1879 1991 enim
1898 1938 1932 1997 et
1946 1922 2034 1999 hora
2052 1956 2147 2003 mor-

1162 2008 1208 2077 tis
1238 2032 1313 2076 non
1339 2009 1407 2080 lert
1431 2007 1648 2106 hypocrisin.
1701 2019 1851 2110 Quoties
1877 2020 1933 2094 his
1959 2032 2083 2119 annis,
2114 2046 2147 2105 ct

1163 2110 1349 2201 praecipue
1374 2115 1541 2204 proximis
1562 2120 1743 2191 mensibus
1765 2139 1848 2196 ante
1873 2144 2041 2213 mortem,
2070 2158 2147 2205 cum

1162 2210 1294 2299 gemitu
1311 2224 1344 2281 et
1361 2213 1525 2309 lacrymis
1542 2220 1739 2309 deploravit
1753 2220 1992 2299 Ecclesiarum
2010 2249 2147 2305 nostra·

1162 2335 1242 2381 rum
1258 2312 1544 2403 distractionem,
1563 2345 1669 2414 quam
1689 2326 1896 2398 ardentibus
1911 2331 2004 2403 votis
2018 2348 2055 2405 et
2070 2360 2147 2426 pre-

1163 2413 1263 2481 cibus
1277 2437 1297 2482 a
1313 2411 1389 2484 Deo
1408 2418 1548 2506 petivit,
1569 2434 1610 2491 ut
1624 2424 1697 2513 ipse
1712 2425 1804 2498 iuter
1819 2430 1983 2505 docentes
2001 2460 2149 2508 eoncor-

1163 2512 1257 2582 diam
1276 2517 1445 2601 sanciret,
1470 2533 1505 2589 et
1520 2515 1606 2592 haec
1627 2526 1719 2595 mala
1743 2530 1906 2602 sanaret?
1956 2532 2055 2609 Haec
2078 2563 2147 2611 una

1164 2637 1247 2684 cura
1262 2614 1315 2683 illi
1331 2640 1468 2708 semper
1482 2620 1520 2689 iu
1536 2645 1596 2691 ore
1616 2638 1650 2695 et
1666 2630 1770 2697 corde
1786 2644 1869 2701 erat.

1264 2746 1313 2818 Et
1330 2752 1374 2817 de
1389 2754 1612 2825 sermonibus
1635 2758 1745 2847 ipsius
1767 2777 1849 2835 ante
1867 2780 2016 2839 mortem
2039 2774 2149 2865 multa

1163 2849 1280 2918 dicere
1302 2874 1456 2940 possem,
1486 2856 1518 2924 si
1540 2852 1626 2927 haec
1641 2865 1811 2951 temporis
1830 2872 1990 2957 angustia
2014 2887 2150 2961 patere·

1163 2964 1234 3023 tur.
1286 2949 1477 3043 Praesagiit
1499 2956 1594 3026 enim
1617 2960 1691 3050 ipse
1712 2966 1782 3035 sibi
1807 2968 1938 3039 instare
1962 2973 2059 3043 diem
2081 2975 2150 3045 mi-

1163 3051 1352 3139 grationis,
1399 3050 1561 3149 mihique
1593 3063 1699 3150 paulo
1736 3080 1817 3138 aute
1854 3086 2003 3143 mortem
2043 3076 2150 3160 dixit,

1165 3150 1290 3221 Nescio
1306 3154 1393 3245 quid
1407 3151 1498 3225 mihi
1511 3160 1600 3229 feret
1617 3164 1819 3238 coniunctio
1830 3168 1958 3243 Martis
1973 3189 2008 3245 et
2022 3175 2148 3265 Setun

1164 3252 1221 3338 ni,
1253 3278 1342 3346 quae
1374 3257 1443 3326 erit
1474 3261 1608 3330 decima
1641 3267 1764 3357 quinta
1789 3270 1848 3339 die
1876 3267 1982 3344 basius
2005 3280 2150 3363 mensis,

1163 3352 1325 3448 Carasque
1339 3356 1435 3427 febre
1452 3378 1632 3453 correptus
1649 3383 1748 3452 esset,
1770 3384 1804 3441 et
1822 3396 1884 3461 ego
1901 3382 2152 3468 corpusculum

1163 3456 1234 3525 iam
1257 3471 1340 3527 aute
1363 3482 1450 3549 pene
1472 3466 1517 3531 ad
1540 3478 1734 3538 extremum
1750 3484 1970 3547 attenuatum
1988 3482 2152 3554 conside·

1163 3582 1289 3642 rarem,
1307 3573 1412 3651 atque
1427 3585 1507 3629 cum
1522 3566 1656 3652 gemitu
1669 3570 1834 3653 dicerem,
1857 3574 2049 3664 Quomodo
2063 3583 2152 3657 feret

1166 3654 1233 3727 hoc
1256 3682 1383 3749 corpus
1412 3661 1546 3731 labrem
1579 3670 1685 3757 paulo
1716 3674 1931 3764 longiorem,
1962 3684 2154 3755 subridens

1165 3760 1348 3850 respondit
1362 3756 1463 3846 milri,
1486 3766 1590 3858 cupio
1605 3770 1751 3842 dissolvi
1765 3788 1798 3845 et
1815 3801 1888 3848 esse
1902 3805 1983 3851 eom
1996 3780 2154 3865 Christo.

1266 3876 1364 3946 Dixit
1380 3894 1415 3949 et
1429 3880 1545 3972 pridie
1560 3911 1667 3980 quam
1683 3895 1895 3966 morieretur
1908 3901 1951 3969 ad
1970 3924 2152 3991 generum,

1164 3976 1247 4047 Non
1272 3981 1396 4049 morbo
1429 4008 1590 4071 moveor,
1620 4014 1737 4085 neque
1769 3997 1842 4067 ulla
1873 4016 1926 4069 est
1950 4004 2152 4093 solicitudo,

1165 4103 1253 4172 quae
1287 4081 1446 4151 arrimum
1476 4111 1593 4157 meum
1622 4093 1719 4183 augit
1751 4111 1812 4167 aut
1843 4104 2046 4192 perturbat,
2072 4104 2153 4179 Uos

1164 4205 1248 4251 cura
1263 4196 1326 4261 est,
1351 4208 1422 4253 una
1437 4188 1638 4277 solicitudo,
1660 4209 1701 4264 ut
1715 4194 1893 4271 Ecclesiae
1906 4202 2030 4276 sintin
2044 4204 2153 4279 Chri·

1163 4295 1217 4351 sto
1236 4281 1315 4351 lesu
1331 4290 1540 4389 concordes,
1566 4290 1661 4364 Hinc
1677 4298 1761 4367 satis
1774 4302 1941 4394 adparet,
1966 4331 2058 4400 quae
2074 4308 2153 4381 lue·

1165 4384 1237 4453 rint
1263 4386 1338 4455 eius
1361 4404 1550 4479 perpetuae
1575 4396 1825 4487 cogitationes,
1850 4408 1992 4498 etquid
2014 4432 2152 4503 semper

1163 4487 1283 4553 animo
1303 4491 1522 4578 propositum
1538 4490 1711 4567 habuerit.
1764 4500 1862 4575 Dixit
1882 4521 1916 4577 et
1934 4512 2061 4581 eodem
2076 4514 2150 4583 die:

1164 4584 1386 4657 simenem
1402 4592 1471 4661 iam
1489 4598 1687 4669 evocaverit
1708 4624 1748 4669 ex
1773 4599 1837 4673 hae
1854 4609 1944 4690 vita,
1972 4612 2152 4685 liberabor

1164 4688 1209 4755 ab
1224 4688 1380 4758 inimicis
1392 4692 1506 4782 plenis
1529 4699 1632 4783 odio,
1657 4696 1874 4792 Sophistica‚
1898 4724 1931 4779 et
1945 4716 2152 4803 mendaciis,

1164 4783 1231 4857 hoc
1246 4804 1445 4865 monstroso
1459 4819 1555 4866 aaran
1572 4814 1730 4876 naturae.
1776 4804 1888 4899 Saepe
1901 4826 1983 4883 ante
2000 4830 2152 4889 mons:

1165 4890 1304 4961 iteravit
1329 4887 1418 4964 hanc
1448 4899 1688 4983 precationem
1712 4902 1955 5000 Redemtoris,
1988 4934 2152 5010 quaeest

1164 4992 1203 5061 in
1231 4988 1407 5079 lolianus,
1437 4996 1522 5068 Sint
1547 5025 1659 5072 unum
1687 5003 1724 5074 in
1756 5011 1879 5095 nobis,
1911 5016 2003 5089 sicut
2028 5034 2065 5093 et
2087 5044 2153 5095 nos

1165 5116 1276 5163 unum
1292 5117 1424 5169 sumus.
1453 5096 1567 5191 Saepe
1584 5117 1618 5172 et
1634 5100 1702 5176 hoc
1718 5110 1850 5182 dietum
1865 5112 1968 5186 Pauli
1978 5115 2153 5213 Apostoli,

1163 5196 1261 5288 quod
1276 5210 1328 5267 est
1343 5196 1382 5265 in
1399 5199 1518 5289 priore
1531 5206 1577 5273 ad
1593 5202 1775 5283 Corinth:
1796 5208 1960 5289 Christus
1974 5221 2090 5296 fractus
2101 5240 2153 5299 est

1163 5296 1268 5365 uobis
1290 5299 1463 5389 sapientia
1482 5326 1505 5373 a
1524 5300 1620 5391 Deo,
1652 5309 1809 5400 iusticia,
1841 5322 2091 5412 sanctificatio,
2121 5344 2154 5401 et
