4552 5766
106 210 182 297 tes
897 193 1348 281 surrnnnnttra
2069 198 2142 281 tet

107 414 250 493 quoque
272 386 438 459 Pelicano
462 395 499 455 et
521 374 716 453 Theodoro
739 376 995 450 desiderantur.
1045 371 1117 446 De·
1152 374 1283 473 ginali,
1317 376 1380 447 sed
1400 374 1600 447 defensioni
1619 376 1670 449 sic
1692 378 1907 471 temperavi,
1937 392 1981 453 ut
2001 362 2146 453 interim

109 491 335 572 sacramentis
366 488 509 559 videtur
538 484 641 554 vobis
675 504 794 553 orasse
825 480 967 552 errare?
1016 476 1101 563 Sed,
1151 480 1333 551 neminem
1355 501 1538 549 servorum
1553 475 1703 550 Domini
1723 481 1934 569 deiecerim,
1957 484 2047 555 dum
2064 478 2146 585 [ne-

108 596 252 675 Christo
269 591 406 677 iudice,
432 586 646 679 cognoscetis
662 578 759 657 hunc
774 584 891 655 virum
910 582 950 652 in
966 576 1101 651 hisad·
1152 575 1277 681 dumi]
1296 580 1386 651 falso
1409 581 1558 653 crimine
1578 582 1803 676 impetierim.
1865 582 1945 656 Hoc
1969 596 2066 657 certe
2090 608 2147 657 so-

110 698 270 776 serendis
285 689 379 763 nihil
391 692 490 763 aliud
503 702 680 781 spectare,
712 712 818 781 quam
834 698 876 757 ut
898 683 1047 755 verbum
1066 695 1101 753 et
1153 686 1248 769 lum,
1273 682 1401 777 optimi
1414 683 1559 773 fratres,
1583 708 1649 756 nos
1665 679 1725 756 hic
1737 686 1777 754 iu
1791 688 2027 779 perniciosam
2043 687 2147 759 istam

111 798 300 901 promissio
330 790 465 866 Christi
492 816 555 863 suo
579 792 657 861 loco
688 783 870 860 habeatur.
933 786 1103 857 Proetum
1154 810 1308 879 pugnam
1343 788 1653 858 sacramentariam
1684 776 1878 881 protraxit,
1922 790 2022 884 quod
2056 790 2148 861 ferre

113 928 257 979 omnem
281 908 579 969 sacramentorum
600 892 666 963 uni
687 889 954 985 benevolentiae
976 886 1044 958 Dei
1070 899 1105 956 et
1154 914 1228 958 non
1260 910 1461 980 possemus,
1500 882 1820 983 Oecolampadium
1845 904 1880 962 ct
1899 890 2147 981 Zviugliuma

114 1008 198 1092 filii,
229 1026 299 1097 quo
316 998 598 1070 benevolentiam
613 996 715 1064 istam
733 994 771 1061 in
787 988 930 1063 Christo
948 990 1104 1061 oblatam
1154 986 1314 1062 Luthero
1337 1005 1371 1060 et
1393 989 1471 1060 aliis
1490 989 1703 1084 quibusdam
1727 994 1869 1064 tractari
1890 1006 1962 1063 tam
1979 988 2147 1063 inhuma-

117 1107 330 1199 excipimus,
368 1100 504 1173 tribuit.
571 1094 640 1166 lsta
673 1108 714 1166 ut
741 1096 962 1165 ostenderem
991 1090 1107 1175 vobis,
1157 1096 1260 1166 niter.
1317 1089 1392 1162 Nos
1414 1114 1551 1183 semper
1572 1092 1727 1163 vidimus
1749 1094 1787 1162 in
1803 1088 1953 1165 Lutheri
1974 1094 2148 1166 sententia

117 1208 368 1285 adscenderam
397 1203 442 1271 ad
473 1221 536 1269 vos
568 1193 658 1266 ¹binc
692 1196 860 1281 biennio,
908 1193 1104 1264 obtuleram
1156 1198 1200 1265 de
1221 1188 1444 1265 Eucharistia
1467 1188 1562 1263 nihil
1585 1194 1712 1280 statui,
1742 1198 1838 1289 quod
1856 1220 1920 1290 per
1941 1220 1978 1267 se
1997 1193 2148 1291 impium

118 1316 308 1405 scriptum,
341 1304 474 1377 ambivi
489 1313 608 1394 postea
623 1312 848 1372 conventum.
900 1296 969 1368 Sed
985 1294 1106 1365 omnia
1158 1300 1222 1380 sit,
1250 1296 1330 1364 ideo
1347 1294 1450 1364 initio
1466 1319 1486 1364 a
1502 1295 1730 1367 contentione
1744 1310 1886 1367 nostros
1903 1297 2151 1383 avocabamus,

117 1420 249 1488 frustra
264 1432 327 1479 vos
341 1407 498 1477 iudicare
510 1403 633 1483 vultis,
659 1424 799 1471 causam
810 1421 1019 1489 cognoscere
1031 1418 1108 1465 non
1158 1412 1191 1469 et
1206 1396 1324 1470 neutri
1347 1396 1500 1488 partium
1522 1398 1638 1488 palam
1653 1398 1972 1489 adstipulabamur.
2024 1397 2102 1472 lam
2122 1398 2150 1469 si

118 1518 246 1600 vultis3
280 1512 316 1580 id
338 1506 515 1579 Ecclesiae
535 1517 676 1573 nostrae
697 1502 734 1573 in
751 1500 916 1591 Zvinglio
941 1520 1109 1589 magnum
1159 1498 1275 1569 volitis
1290 1524 1353 1567 vos
1366 1498 1514 1582 frustra,
1547 1498 1619 1568 imo
1639 1524 1720 1568 cum
1743 1500 1899 1591 pernicie
1910 1496 2151 1572 Ecclesiarum

120 1625 291 1693 damnum
316 1610 425 1683 dedit.
486 1606 661 1679 Dominus
683 1617 803 1673 noster
826 1601 923 1681 lesus
945 1597 1109 1671 Christus
1161 1626 1313 1694 pugnam
1340 1600 1563 1685 resuscitare,
1596 1614 1632 1670 et
1654 1602 1689 1670 id
1714 1603 1812 1671 falsis
1834 1602 2048 1673 criminibus
2073 1624 2151 1673 tum

121 1730 275 1802 avertat,
309 1738 355 1783 ne
376 1728 409 1789 et
430 1710 468 1778 in
491 1708 592 1777 vobis
612 1710 682 1779 det.
734 1704 874 1775 Sensim
896 1706 1112 1772 infamamur
1161 1704 1362 1793 imperfecta
1394 1702 1614 1771 confessione
1646 1702 1806 1773 veritatis
1842 1706 1886 1773 de
1914 1704 2153 1787 sacramentis,

122 1847 207 1907 nos,
239 1816 363 1912 quiin
385 1810 552 1885 Ecclesiis
579 1806 813 1899 Reipublicae
836 1804 981 1898 lmperii
1004 1798 1112 1874 Chri·
1162 1832 1207 1875 ne
1223 1804 1390 1873 ‹liabitetis
1406 1802 1498 1872 Deus
1514 1804 1628 1873 aderit
1643 1800 1821 1875 Ecclesiae
1838 1828 1940 1891 suae,
1972 1818 2015 1878 ut
2038 1806 2154 1900 quali-

124 1943 217 2000 stum
232 1917 493 2013 praedicamus,
528 1934 593 1981 ceu
612 1934 686 1979 nou
702 1908 910 2000 simpliciter
932 1927 1113 1975 versemur
1163 1924 1357 1999 tercunque
1380 1898 1541 1996 coeptam
1563 1906 1789 1975 concordiam
1812 1908 1845 1977 ei
1868 1920 2008 1978 tueatur
2037 1921 2072 1979 et
2094 1932 2153 1975 ve·

125 2023 382 2104 inhaccausa,
402 2014 638 2086 deficiamusa
656 2011 856 2101 praedicata
874 2010 1038 2092 veritate,
1064 2005 1115 2075 si·
1164 2023 1254 2079 stros
1287 2020 1434 2076 conatus
1468 2006 1570 2075 vobis
1604 2007 1755 2078 maairue
1787 2008 2009 2100 perniciosos
2041 2008 2155 2081 facicb

124 2152 204 2201 mus
217 2122 287 2195 hoc
304 2120 400 2215 quod
416 2128 517 2187 sonat
534 2138 600 2183 vox
624 2108 832 2198 institiae,
863 2136 933 2204 quo
959 2133 1024 2180 nos
1046 2132 1115 2177 no·
1164 2110 1331 2181 Proxime
1363 2108 1555 2177 accessistis
1589 2109 1803 2180 confessioni
1836 2110 1993 2181 veritatis
2031 2112 2155 2203 plenae

125 2233 222 2305 mine
230 2220 309 2296 Leo
324 2235 445 2292 noster
454 2218 638 2307 insignivit
649 2215 806 2286 scribens
816 2216 860 2282 ad
870 2208 1115 2283 Guilr'elmum
1166 2212 1341 2294 Basilcac,
1373 2212 1457 2279 darm
1476 2224 1592 2278 tamen
1609 2210 1732 2280 formis
1746 2212 1941 2303 scripturae
1954 2227 2075 2304 aperte
2093 2212 2156 2281 ad-

126 2360 152 2405 a
171 2325 258 2401 Zelt
272 2328 370 2421 pium
392 2321 536 2416 quidem
561 2318 769 2387 senniouem
787 2310 858 2415 [i],
901 2317 961 2385 sed
985 2313 1047 2408 qui
1074 2335 1115 2380 eo
1167 2311 1237 2385 huc
1251 2312 1510 2396 contradicitis,
1532 2312 1744 2382 affirmantes
1761 2314 1963 2385 ministrum
1978 2310 2071 2383 nihii
2088 2311 2156 2381 nisi

128 2432 307 2532 pervenit,
345 2424 481 2499 utiam
512 2421 712 2491 ministerio
739 2434 860 2487 nostro
882 2439 957 2485 non
985 2428 1117 2485 utatur.
1168 2418 1307 2505 signum
1333 2408 1519 2498 exhibere,
1554 2437 1624 2505 quo
1651 2427 1752 2506 pacto
1782 2439 1855 2484 nou
1878 2429 1966 2485 esset
1996 2414 2158 2489 minister

128 2538 183 2610 lta
204 2532 288 2605 lraec
310 2526 546 2621 Respublica,
578 2548 668 2615 quae
686 2520 812 2588 melius
835 2542 973 2609 semper
989 2514 1117 2585 urerer-i
1167 2516 1320 2595 Christi,
1353 2539 1427 2583 non
1443 2515 1538 2582 errim
1552 2514 1815 2587 adrainistraret
1829 2516 2036 2613 mysterium
2051 2510 2157 2587 Chri-

129 2644 174 2712 de
190 2636 314 2707 vestris
328 2629 443 2701 voluit
459 2650 564 2719 quarn
580 2623 686 2693 vestri
714 2622 904 2691 voluerunt
921 2620 1119 2699 admittere,
1168 2621 1213 2691 sti
1234 2630 1267 2687 et
1289 2617 1470 2707 spiritum,
1503 2618 1565 2683 sed
1587 2616 1726 2685 literam
1748 2620 1871 2689 modo:
1903 2632 1997 2689 certe
2017 2630 2158 2691 sancto·

130 2742 260 2838 passim
283 2761 302 2806 a
322 2733 424 2802 vobis
448 2727 675 2796 insimulatur
697 2726 736 2792 in
767 2723 924 2815 periculo
949 2744 1042 2800 esse,
1079 2731 1119 2787 ut
1169 2746 1249 2793 rum
1272 2718 1414 2788 calculis
1433 2740 1536 2786 causa
1558 2718 1690 2787 cadetis
1712 2733 1746 2790 ct
1760 2742 1900 2809 gravem
1920 2720 2009 2789 iram
2024 2712 2158 2791 Christi

133 2845 282 2915 alterum
301 2830 555 2907 Monosterium
571 2830 713 2911 evadat,
745 2850 824 2895 cum
842 2838 960 2893 tamen
977 2824 1021 2891 ab
1038 2834 1120 2889 ortu
1170 2824 1208 2892 in
1224 2844 1284 2891 vos
1299 2818 1545 2892 conciliabitis.
1597 2818 1679 2888 Alia
1695 2834 1853 2912 tempora
1869 2834 1973 2905 sunt,
2005 2820 2160 2913 amplior

133 2960 306 3018 sectarum
330 2956 513 3027 nunquam
538 2930 656 2999 rniuus
685 2926 742 2997 hic
771 2926 910 2997 sectarii
934 2927 1122 2993 valuerunt
1171 2926 1284 2993 crescis
1315 2916 1448 2991 Christi
1479 2922 1654 3008 cognitio,
1697 2916 1950 2993 debacchatum
1987 2922 2072 2991 satis
2099 2934 2159 2994 est.

136 3072 240 3143 quam
260 3042 387 3123 modo,
420 3058 602 3125 nurrquam
617 3030 755 3100 saevius
770 3031 807 3097 in
825 3028 990 3098 sectarios
1004 3037 1120 3094 aretino
1172 3016 1487 3119 ImoPhr‘lippus,
1522 3035 1557 3091 et
1580 3046 1659 3090 cum
1681 3045 1722 3091 eo
1745 3021 1807 3092 alii
1824 3022 1969 3115 plurimi
1986 3024 2051 3095 toti
2067 3024 2160 3092 ineo

134 3151 191 3223 sit.
244 3144 286 3217 ln
305 3141 359 3213 his
375 3142 458 3232 quia
471 3136 581 3204 multa
598 3158 688 3202 vana
705 3144 788 3200 suut
804 3146 838 3199 ct
854 3142 991 3219 praeter
1006 3121 1122 3193 chari-
1172 3143 1272 3209 sarrit,
1306 3136 1553 3215 utpancorum
1580 3123 1824 3214 intemperiem
1845 3138 2024 3210 avertant,
2055 3120 2161 3195 Chri-

135 3252 217 3323 tatis
248 3244 404 3336 regulam
439 3238 573 3328 agitur,
611 3236 739 3305 frustra
773 3232 862 3301 boui
892 3228 1123 3299 offenduntur
1173 3246 1264 3300 stram
1288 3228 1327 3296 in
1350 3226 1450 3295 vobis
1474 3226 1664 3295 defendant
1685 3238 1719 3297 et
1745 3228 1982 3317 magnificent.
2033 3222 2083 3297 Et
2100 3247 2162 3295 vos

136 3354 251 3425 alieno
285 3361 443 3435 tempore
483 3362 551 3429 pax
593 3349 627 3406 et
663 3334 851 3405 concordia
891 3340 1125 3423 respuuntor3
1173 3334 1222 3401 sic
1249 3328 1411 3421 propitiis
1441 3326 1533 3395 divis
1564 3326 1774 3397 revocabitis
1805 3328 1885 3397 orbi
1908 3328 2044 3397 bellum
2069 3326 2161 3398 istud

137 3478 262 3545 magna
283 3460 334 3517 est
352 3442 519 3514 securitas
540 3460 614 3507 uon
631 3438 702 3506 suis
718 3436 852 3505 virilius
873 3432 983 3518 fulta,
1015 3424 1124 3499 vehe-
1175 3431 1337 3503 exitiale?
1374 3426 1428 3498 Eo
1445 3441 1544 3517 pacto
1561 3452 1643 3518 ergo
1659 3430 1787 3499 sistetis
1801 3430 2010 3520 sanguinem
2024 3442 2162 3499 sancto-

137 3570 275 3627 meutcr
288 3571 431 3629 vercor,
456 3540 603 3633 nequid
619 3539 685 3631 ipsi
705 3538 805 3607 vobis
819 3536 910 3606 dctis
928 3536 1125 3604 incommo-
1175 3562 1255 3604 rum
1271 3535 1309 3599 in
1326 3528 1470 3601 Gallia?
1502 3531 1753 3619 promovebitis
1767 3555 1907 3602 cursum
1921 3530 2112 3621 Evangelii
2128 3530 2163 3599 in

138 3662 188 3733 cli.
227 3654 285 3725 Tri
302 3648 444 3728 scribis,
466 3644 566 3712 vobis
580 3646 654 3710 fore
671 3636 816 3731 posthac
832 3640 1000 3706 maiorem
1017 3634 1125 3701 ratio

140 3784 221 3830 nem
257 3771 290 3825 et
320 3746 568 3821 authoritatem
590 3744 766 3835 veritatis,
806 3741 980 3807 minorem
1008 3730 1127 3803 ltorrri-

140 3888 247 3940 nrrrn,
279 3868 314 3925 et
334 3854 382 3923 ita
400 3849 547 3917 iniurias
567 3839 790 3913 Lutheranas
804 3842 957 3921 laturos,
984 3850 1023 3907 ut
1042 3838 1128 3904 sim-

141 3966 249 4055 pliccs
265 3954 458 4047 aliquando
472 3950 633 4029 videant,
667 3946 762 4037 qrrod
780 3941 915 4010 nullius
930 3934 1127 4009 liutherum

141 4066 270 4155 pudeat
298 4051 484 4125 nrernlacii.
550 4044 598 4117 Ut
629 4046 739 4114 solius
769 4042 927 4113 veritatis
955 4041 1127 4111 rationem

140 4162 300 4238 lterlreatis
314 4156 416 4224 valde
437 4153 600 4227 obsecro,
625 4162 659 4217 et
676 4171 738 4237 pro
755 4140 821 4213 bac
842 4145 948 4214 etiam
966 4137 1129 4211 homines

141 4264 280 4340 odisse?
330 4256 466 4325 Verum
488 4250 630 4320 interim
648 4244 830 4319 Christum
858 4246 894 4313 in
919 4244 992 4313 suis
1007 4239 1129 4311 harui-

142 4372 250 4439 nibus
265 4358 464 4453 agnoscite,
487 4368 520 4422 et
537 4376 630 4435 nou,
654 4353 739 4418 darm
756 4348 864 4418 vultis
879 4345 994 4415 videri
1011 4358 1131 4436 patro·

143 4472 180 4539 ni
198 4484 268 4538 tarn
284 4458 419 4533 strenui
438 4453 614 4535 veritatis,
647 4452 713 4541 ipsi
736 4452 823 4519 adeo
847 4460 966 4517 contra
989 4470 1131 4515 omnem

143 4570 327 4640 veritatem
343 4558 500 4630 scribite:
526 4548 723 4624 Luthcrum
736 4551 869 4621 nullius
885 4551 1015 4641 pudere
1030 4572 1131 4615 rnen-

145 4672 247 4744 dacii.
300 4666 454 4735 Laborat
470 4658 531 4725 illc
547 4652 615 4724 hoc
630 4654 745 4733 malo,
775 4668 814 4721 ut
837 4676 923 4744 quas
941 4652 1131 4745 aliquando

145 4769 289 4845 admisit
311 4767 355 4833 de
380 4758 545 4849 Zvinglio
574 4758 678 4826 falsas
700 4754 904 4847 opiniones,
944 4776 1001 4821 eas
1027 4750 1134 4819 nimis

147 4868 374 4969 pertinaciter
394 4861 529 4932 tribuat
551 4860 735 4939 omnibus,
768 4855 830 4949 qui
854 4850 951 4923 liunc
969 4854 1135 4922 videntur

146 4973 283 5048 sectari.
337 4964 384 5039 Ut
405 4986 468 5032 vos
492 4964 608 5054 itaque
624 4985 702 5029 cum
719 4958 874 5047 Zvinglii
893 4971 969 5026 tum
987 4970 1134 5025 vestram

121 5106 127 5121 ·
148 5070 389 5149 innocentiam
409 5064 625 5145 ‹leferulatis,
655 5064 715 5129 secl
734 5084 773 5127 ex
789 5084 873 5127 rcro
891 5072 924 5128 et
937 5060 1021 5126 citra
1040 5082 1136 5124 corn-

148 5178 355 5249 munionem
380 5168 476 5245 vitii,
514 5166 609 5257 qnod
634 5162 865 5252 impugnatis,
897 5184 1001 5227 nerito
1024 5162 1139 5226 bono-

1177 3634 1305 3721 rlnglia
1330 3648 1363 3703 ct
1386 3630 1422 3698 in
1445 3630 1587 3699 scoria?
1632 3646 1665 3701 et
1688 3632 1764 3722 paci
1788 3632 1986 3704 inservietis
2012 3630 2163 3704 Germa·

1177 3736 1280 3805 raiae?
1314 3730 1471 3821 Augusta
1486 3734 1592 3802 modo
1608 3748 1643 3803 et
1660 3732 1917 3805 Francofurdia
1938 3730 2007 3804 hoc
2021 3734 2164 3803 nomine

1178 3842 1398 3909 deseruntur.
1450 3832 1651 3904 Accesserat
1667 3832 1901 3927 Reginopolis
1924 3838 1963 3905 in
1987 3835 2096 3906 initio
2110 3858 2166 3905 ex-

1180 3942 1310 4013 tinctus
1336 3949 1483 4007 conatus
1509 3948 1578 4020 est,
1622 3938 1739 4028 quod,
1779 3938 1885 4007 nobis
1917 3937 2166 4019 concordibus,

1180 4068 1255 4111 non
1281 4040 1404 4110 fuisset
1424 4040 1573 4123 lactum;
1607 4040 1650 4107 ad
1668 4032 1755 4108 haec
1773 4042 1859 4108 dare
1875 4040 2099 4109 occasionem
2113 4038 2167 4109 iu·

1180 4141 1403 4231 tempestivas
1434 4160 1570 4231 pugnas
1599 4156 1633 4211 et
1661 4139 1885 4211 imminutam
1915 4140 2166 4233 professionem

1181 4244 1355 4321 veritatis,
1386 4243 1467 4335 quis
1490 4266 1562 4309 non
1584 4241 1786 4311 execratur?
1836 4240 1877 4315 Si
1900 4257 2021 4311 tamen
2042 4240 2169 4313 Helve-

1182 4349 1313 4419 tiorum
1328 4340 1491 4413 Christus
1508 4358 1575 4421 cst,
1611 4344 1761 4432 pergite:
1795 4344 1871 4429 sin,
1901 4344 2075 4415 sustinete
2094 4344 2168 4413 imi·

1181 4450 1249 4520 tari
1266 4446 1433 4527 Paulum,
1464 4458 1503 4513 ut
1521 4444 1583 4513 ubi
1607 4445 1878 4517 fundamentum
1893 4440 2059 4515 Christus
2076 4446 2169 4525 iacet,

1184 4552 1232 4619 ibi
1250 4548 1334 4617 ferri
1358 4561 1392 4616 et
1413 4544 1506 4615 ferre
1523 4545 1643 4614 uinaria
1666 4572 1738 4615 nou
1760 4546 1974 4637 gravcnriui,
2009 4571 2083 4641 quo
2098 4570 2170 4639 per-

1184 4665 1250 4723 stet
1272 4664 1308 4721 et
1331 4642 1546 4739 provehatur
1572 4650 1668 4741 quod
1697 4666 1858 4741 coeptum
1888 4662 1949 4721 cst.
2009 4646 2109 4721 Hares
2130 4648 2169 4719 ad

1185 4768 1263 4825 taras
1278 4754 1422 4836 alteras,
1456 4748 1505 4819 mi
1528 4747 1744 4837 Bullingere.

1288 4854 1465 4933 artinas,
1500 4851 1548 4917 mi
1572 4846 1774 4920 citarissnrre
1796 4844 1894 4933 Len,
1925 4876 2007 4925 cum
2045 4856 2116 4927 iarn
2137 4880 2172 4925 cr

1188 4956 1313 5026 ratariori
1327 4968 1424 5046 parte
1441 4976 1647 5047 responsum
1662 4954 1724 5037 sit,
1751 4969 1922 5045 «parantum
1938 4958 2086 5049 quoidam
2101 4960 2174 5030 lite·

1188 5061 1237 5129 ris
1253 5056 1457 5148 responderi
1474 5070 1596 5146 (parerat,
1629 5050 1713 5125 haec
1730 5058 1858 5146 arccipc.
1909 5056 2092 5131 lanherus
2108 5084 2173 5131 non

1189 5159 1358 5230 alienavit
1372 5181 1456 5247 nos,
1491 5158 1548 5223 scd
1568 5180 1647 5224 curn
1664 5172 1877 5227 conventam
1893 5183 1997 5251 spero
2018 5176 2053 5237 et
2069 5164 2174 5233 literis

150 5306 229 5351 rum
247 5269 474 5364 improbabit.
525 5262 601 5353 Ego
617 5268 691 5355 ipse
716 5264 754 5330 in
779 5262 1037 5330 commentariis
1052 5260 1140 5327 meis
1190 5264 1295 5329 video
1328 5282 1452 5351 parum
1485 5257 1603 5347 perlici
1634 5273 1666 5327 ct
1696 5260 1857 5347 plurimis
1878 5280 2071 5353 occupatus
2093 5290 2174 5343 sum,

152 5386 189 5453 iu
204 5378 389 5451 Romanos
411 5368 616 5455 Zvinglium
636 5364 798 5449 defendi,
832 5365 876 5431 de
899 5376 1038 5455 peccato
1067 5361 1140 5429 oti·
1192 5363 1346 5455 denique
1368 5362 1412 5429 ad
1438 5384 1582 5429 manum
1609 5359 1700 5428 nulli
1724 5362 1867 5451 fuerunt
1884 5365 2083 5455 tabellarii,
2117 5366 2173 5437 feci
