4546 5760
499 253 518 266 ·
599 323 602 327 .
694 224 1021 302 cunumuu
1070 223 1178 303 utu.
1204 222 1246 301 1.··
1913 228 1989 305 coa

84 418 239 470 censores
255 418 397 487 asperos
409 410 444 468 et
459 420 657 489 pergraves,

84 496 142 573 iod
156 494 425 593 reprehendunt
441 501 480 569 in
496 495 635 571 theatro
649 501 781 573 ludunt
797 501 907 572 domi.

84 602 137 673 ios
149 601 338 686 simulant,
364 602 493 673 vivunt
508 597 750 692 bacchanalia,

84 701 251 799 ‚t'po'e'tae.
301 701 352 775 At
367 695 466 776 lusus
481 704 538 773 illi
552 705 642 776 seria

84 822 119 896 t,
144 805 322 899 simulque
338 830 479 878 morum
494 809 640 880 tradunt
659 809 794 900 optima
839 893 844 899 ³

84 922 277 1003 praecepta,
302 923 343 995 ut
356 905 449 995 nihil
466 908 593 979 melius
608 909 722 981 Solon

84 1011 200 1085 nctius
215 1011 583 1103 tabulisinscripserit
599 1014 729 1086 aeneis.

84 1139 201 1208 peram
215 1127 332 1184 tamen
351 1115 516 1185 virtutem
534 1114 708 1186 condiunt

84 1206 234 1288 lioribus
249 1214 444 1302 illecebris,
470 1230 509 1286 ut
524 1218 640 1289 solent

84 1319 93 1389 i
109 1319 230 1390 daturi
248 1317 368 1408 pueris
383 1332 470 1390 tetra
486 1314 685 1412 absynthia,

84 1422 167 1493 telle
183 1420 280 1491 dulci
296 1433 330 1488 et
348 1444 487 1491 saccaro
506 1421 647 1490 irritant
665 1422 794 1509 gulam.

84 1538 145 1596 ant
160 1545 243 1612 ergo
258 1521 374 1616 iniqui
390 1518 625 1601 iudiceshinc
638 1522 762 1614 procul

84 1627 252 1722 prioribus
266 1625 448 1716 spectandi
466 1627 552 1695 dent
566 1626 693 1695 locum.

84 1729 178 1801 tblici
194 1726 381 1820 nostrique
398 1751 499 1797 causa
517 1729 694 1796 commodi

84 1830 212 1907 tianam
228 1852 371 1920 agemus
386 1823 603 1900 Eunuchum
618 1832 739 1908 modo,

84 1932 243 2009 orbatam
258 1928 456 2001 Thrasonis
471 1933 708 2019 arrogantiam

84 2030 175 2133 nque
189 2036 333 2105 inanem
351 2034 488 2108 irridet.
538 2031 608 2104 Hic
623 2048 674 2105 est
691 2053 833 2102 cernere

84 2142 113 2212 le
129 2141 222 2211 acin
240 2136 383 2230 speculo
398 2136 622 2206 ardelionum
637 2137 840 2225 imaginem,

84 2241 210 2315 indices
224 2239 396 2333 fungique
411 2265 491 2309 cum
509 2239 598 2308 meri
618 2239 720 2318 sient,

84 2357 231 2416 ttamen
244 2343 313 2413 sibi
329 2366 448 2412 rerum
464 2340 598 2434 ubique
614 2341 815 2411 vendicant.

84 2460 159 2521 otus
173 2441 282 2516 huius
297 2445 502 2535 generisest
521 2443 723 2514 uberrimus
892 2436 893 2441 ’

84 2549 193 2630 εουΙο,
218 2572 299 2618 cum
314 2570 350 2616 se
365 2547 470 2617 titulo
489 2546 692 2638 sapientiae,

84 2676 149 2726 um
164 2650 298 2743 ubique
315 2651 519 2735 venditant,
546 2643 665 2720 hostes
679 2649 744 2718 feri

84 2779 150 2827 ana
170 2753 363 2846 divinaque
377 2753 524 2822 miscent
541 2751 673 2825 omnia.

84 2881 133 2950 go
150 2857 283 2940 favete,
308 2867 518 2946 spectatores
532 2853 671 2945 optimi,

84 2984 135 3034 :ur
149 2958 249 3029 utilis
262 2971 296 3029 et
315 2956 469 3028 iucunda
484 2958 617 3028 fabula.
633 2971 637 2987 ·

614 3179 945 3195 o-u-—o-u-n-

84 3332 138 3462 ll...

735 3420 948 3459 Μ

84 3554 210 3626 iamgine
222 3552 312 3608 Secer.
329 3562 355 3605 et
367 3550 395 3603 in
409 3564 470 3617 opp.
485 3544 545 3599 Bar.
564 3544 596 3601 T.
611 3542 645 3600 V.
665 3562 690 3616 p.
703 3542 763 3598 328.
788 3542 868 3613 Apud
884 3540 950 3595 Vin·
996 3595 998 3599 .

84 3627 184 3683 entium
204 3642 231 3696 p.
248 3622 305 3677 121.

162 3800 339 3896 Prologus
362 3803 404 3870 iu
428 3795 588 3868 militem
613 3791 756 3864 Plauti.

84 3979 111 4027 a
128 3975 231 4023 scena
246 3962 281 4019 et
295 3961 392 4018 muta
409 3943 620 4039 aliquandiu
635 3944 740 4028 stetit,

84 4080 133 4129 ue
147 4053 376 4134 refrixerant,
402 4062 436 4119 et
450 4046 577 4117 comici
594 4046 672 4129 ioci,
777 4116 780 4124 ,

84 4138 218 4234 iarbari
234 4153 436 4224 obruissent
452 4147 607 4232 tenebris
623 4146 753 4227 literas,

98 4274 286 4356 postquam
302 4267 407 4346 caput
426 4252 567 4342 erigunt
582 4250 794 4329 comoediae,

84 4385 238 4459 equaeso
252 4360 292 4427 iu
309 4360 423 4425 lucem
441 4366 481 4423 ut
496 4376 565 4423 una
582 4352 741 4442 prodeat,

84 4489 149 4540 are
165 4464 202 4534 id
218 4483 369 4554 aequum
388 4469 457 4541 est,
482 4478 545 4524 vos
561 4453 692 4547 quibus
706 4452 802 4545 ipsae
819 4450 943 4527 literae

84 4594 98 4640 s
113 4571 220 4640 decus
234 4584 418 4656 peperere,
442 4557 515 4629 Nee
531 4554 760 4638 committere,
865 4580 868 4585 ·

84 4683 151 4743 rut
165 4670 367 4760 inceptum,
393 4684 433 4731 ac
452 4683 585 4731 novum
602 4657 721 4726 fraudi
737 4655 803 4728 siet

90 4824 102 4858 ,
128 4794 229 4842 amor
245 4790 335 4862 quos
350 4765 533 4834 literarum
550 4760 729 4852 perpulit,
747 4787 749 4790 ’

84 4899 157 4948 rare
170 4871 326 4966 priscum
343 4882 497 4949 morem,
524 4877 558 4932 et
573 4858 641 4932 hoc
656 4863 854 4954 spectaculo

84 4980 242 5055 statere,
268 4967 355 5041 haec
372 4981 413 5039 ut
428 4966 565 5050 studia,
591 4980 625 5036 et
643 4979 736 5036 aetas
755 4967 957 5065 postulant.

84 5105 142 5176 que
157 5102 222 5148 vos
237 5076 335 5144 decet
347 5072 468 5143 favore
484 5067 661 5161 prosequi.

84 5205 208 5254 enunc
223 5179 262 5248 in
279 5200 348 5270 qua
363 5173 514 5243 velimus
530 5169 650 5239 sabula

84 5345 169 5357 ⁸——

84 5443 107 5478 ιι
134 5421 193 5479 Sed
209 5425 273 5475 hue.
533 5467 539 5474 .

84 5528 146 5570 ru.
164 5505 270 5568 Orrn.
285 5499 366 5564 Vor..
382 5496 428 5561 X.

951 5142 956 5149 ι

1001 397 1133 470 Facere
1146 396 1298 470 actionis
1312 390 1380 468 boo
1395 397 1475 467 loco
1490 397 1700 489 periculum.

1004 501 1182 573 Germana
1199 499 1317 573 Plauti
1333 513 1387 571 est
1400 524 1507 594 quam
1525 502 1633 571 modo
1648 498 1904 582 exhibebimus.

1001 605 1113 676 Cuius
1130 603 1290 673 ferebant
1304 626 1365 673 ore
1380 600 1634 672 facundissimo

1002 706 1126 777 Musas
1141 706 1249 776 fuisse
1263 705 1417 776 libenter
1431 728 1557 775 usuras
1570 706 1681 796 probe

1002 808 1042 880 si
1059 809 1203 902 quando
1219 810 1419 878 decressent
1433 808 1542 878 latine
1561 808 1689 881 dicere.

1001 909 1210 1004 Nomenque
1225 911 1307 981 fecit
1322 910 1515 999 gloriosum
1535 909 1685 979 militem

1001 1012 1110 1083 Poe‘ta
1123 1012 1284 1093 fabulae,
1301 1026 1556 1103 ,argumentum
1574 1035 1614 1081 ex
1630 1013 1772 1084 servulo

1005 1115 1233 1205 lntelligetis,
1258 1116 1319 1185 ille
1335 1115 1484 1206 sumpsit
1498 1108 1566 1183 hoc
1581 1113 1661 1200 sibi,

1003 1214 1051 1288 Ut
1068 1230 1188 1288 narret
1203 1217 1296 1309 ipse,
1324 1240 1409 1285 nam
1423 1215 1675 1307 crepitaculum
1694 1230 1747 1288 est
1762 1241 1912 1309 merum,

1003 1316 1111 1407 Quod
1127 1343 1201 1389 non
1217 1320 1357 1390 molesti
1375 1317 1429 1387 bis
1445 1341 1586 1402 sumus,
1609 1313 1702 1387 mibi
1717 1322 1864 1409 gratiam

1004 1417 1169 1508 Debetis,
1193 1422 1289 1491 ultro
1304 1421 1369 1514 qui
1384 1421 1526 1514 loquaci
1541 1420 1682 1493 servulo
1742 1410 1746 1418 ¹

1003 1520 1112 1594 Cessi.
1164 1520 1233 1595 Sed
1253 1548 1330 1593 ecce
1348 1523 1497 1593 militem
1513 1522 1719 1613 delegimus,

1004 1624 1053 1698 Ut
1067 1627 1106 1694 in
1124 1620 1191 1694 hoe
1208 1626 1374 1696 iuventus
1387 1637 1507 1695 nostra
1522 1625 1687 1716 inspiciat
1703 1625 1828 1697 sedulo

1004 1724 1237 1819 Exemplum,
1264 1742 1298 1805 et
1314 1728 1496 1799 intueatur
1508 1723 1568 1798 bic
1584 1726 1776 1818 imaginem

1004 1828 1156 1899 Perinde
1169 1855 1211 1925 ac¹
1224 1831 1263 1899 in
1279 1829 1411 1900 tabella
1427 1830 1674 1900 adumbratam
1686 1852 1802 1902 suam.

1003 1932 1075 2001 Nec
1088 1933 1143 2001 lac
1157 1933 1253 2002 enim
1269 1932 1372 2014 laeti,
1397 1955 1463 2001 nec
1477 1956 1547 2001 ovo
1565 1945 1619 2002 est
1633 1955 1742 2002 ovum
1755 1933 1866 2023 magis
1936 2008 1939 2015 .

1005 2033 1150 2115 Simile,
1173 2030 1259 2105 huic
1274 2034 1395 2127 inepto
1410 2033 1519 2103 militi
1534 2057 1642 2127 quam
1660 2047 1744 2105 sunt
1760 2037 1869 2106 modo

1004 2135 1171 2226 Quicum
1188 2135 1351 2206 meliores
1368 2136 1487 2207 literas
1502 2135 1702 2221 fastidiunt,

1004 2238 1139 2310 Rerum
1155 2239 1316 2308 omnium
1333 2251 1453 2308 tamen
1468 2237 1651 2307 scientiam
1667 2236 1737 2308 sibi

1003 2337 1183 2412 Audacter
1197 2353 1382 2430 arrogant,
1405 2352 1440 2409 et
1454 2339 1549 2410 inter
1562 2338 1690 2430 pocula

1004 2441 1047 2512 ln
1064 2442 1298 2537 compitisque
1313 2441 1497 2512 venditant
1512 2464 1616 2511 suum
1633 2432 1764 2537 σοφός,

1004 2544 1141 2636 Vulgus
1158 2538 1382 2637 prophanum
1396 2558 1430 2615 et
1446 2543 1671 2635 improbum,
1695 2555 1801 2636 atque
1817 2543 1918 2615 futile

1004 2643 1226 2734 'l'brasones,
1249 2661 1356 2741 atque
1369 2643 1661 2742 Pyrgopolinices
1675 2645 1766 2714 meri

1003 2749 1214 2841 Dignissimi
1230 2751 1311 2845 quis
1326 2749 1435 2821 latera
1451 2749 1537 2819 fiant
1550 2747 1658 2838 lprea.

1004 2850 1075 2924 Sed
1091 2876 1211 2923 eccum
1232 2852 1403 2935 militem,
1428 2851 1542 2921 savete
1559 2848 1750 2932 actoribus,

1004 2953 1053 3026 Et
1069 2957 1149 3027 date
1166 2954 1345 3025 iuventuti
1363 2952 1544 3025 crescendi
1559 2951 1708 3042 copiam.

1020 3157 1994 3174 „Mum—Qu...—

1016 3291 1183 3416 Μ
1442 3331 1464 3378 «,
1791 3230 1985 3379 (uine)

1788 3385 1997 3422 Μ

1075 3507 1156 3580 Apud
1178 3503 1335 3568 Seruium
1359 3503 1425 3558 item
1444 3502 1474 3557 in
1495 3520 1558 3576 opp.
1575 3503 1636 3558 Bas.
1654 3503 1689 3558 Τ.
1706 3502 1738 3560 V.
1756 3524 1783 3577 p.
1795 3505 1858 3567 829.
1882 3482 1940 3567 eta
1960 3516 1997 3570 ud

1108 3577 1233 3633 vincent.
1251 3593 1276 3646 p.
1291 3574 1349 3628 122.
1942 3532 1959 3586 Ρ

1174 3727 1350 3826 Prologus
1372 3731 1414 3800 iu
1437 3724 1626 3801 Andriam
1649 3728 1832 3803 Terentii.

1008 3885 1152 3954 Vestrae
1168 3881 1338 3975 periclum
1356 3880 1503 3951 fecimus
1519 3879 1709 3973 patientiae

1006 3986 1097 4058 Cum
1115 4009 1230 4076 nuper
1246 3984 1285 4052 in
1300 4007 1403 4053 scena
1422 3977 1648 4053 exhibuimus
1663 3982 1827 4054 militem.

1008 4088 1228 4180 Animosque
1241 4086 1347 4155 nobis
1360 4085 1500 4156 addidit
1515 4095 1630 4154 vester
1645 4085 1757 4168 favor,

893 4166 907 4180 ,
1008 4191 1056 4263 Ut
1074 4214 1148 4259 non
1165 4190 1341 4281 patiamur
1357 4210 1498 4257 scenam
1515 4186 1756 4269 consilescere,

1008 4295 1078 4365 Sed
1093 4317 1139 4376 ne
1154 4291 1294 4360 mirere.
1348 4286 1613 4384 Quid-pompae
1631 4286 1844 4377 Teologicae
1937 4358 1959 4385 „

1007 4395 1098 4466 Cum
1117 4392 1259 4463 comicis
1271 4391 1384 4460 iocis?
1410 4415 1527 4461 merae
1542 4405 1628 4463 sunt
1639 4391 1791 4471 fabulae,

1009 4498 1051 4567 ln
1068 4497 1214 4588 pulpitis
1226 4488 1302 4588 ut¹)
1318 4494 1469 4582 agebant
1485 4488 1592 4562 bodie
1609 4486 1796 4581 Theologi,

1008 4597 1055 4669 Et
1069 4593 1291 4668 chirothecae
1307 4608 1340 4664 et
1355 4595 1480 4664 annuli
1499 4605 1583 4671 snut
1596 4591 1750 4674 fabulae,

1008 4702 1146 4770 Nomen
1163 4697 1329 4789 Magistri
1344 4696 1460 4775 nostri
1477 4696 1581 4786 plane
1595 4693 1747 4772 fabulae,

1009 4803 1192 4872 Postremo
1209 4801 1272 4895 qui
1288 4798 1459 4869 conduxit
1472 4793 1499 4888 -²)
1520 4819 1663 4887 operam
1674 4791 1789 4892 ⁸huius
1805 4796 1918 4887 gregis
1965 4850 1968 4856 Α

1011 4900 1218 4992 Theologus
1229 4914 1298 4983 est,
1325 4924 1461 4992 suoque
1476 4898 1579 4968 iussit
1594 4896 1753 4971 fabulam

1008 5005 1188 5075 Prolixior
1202 5018 1242 5075 ut
1256 5003 1348 5073 risus
1365 5002 1456 5071 foret
1476 4999 1695 5093 praescripto
1707 5001 1774 5087 agi,
1829 5041 1833 5049 ·

1012 5105 1060 5180 Ut
1075 5121 1115 5177 ut
1131 5105 1368 5198 placebimus,
1392 5103 1563 5195 imputari
1579 5102 1656 5174 vult
1671 5101 1750 5187 athi.

1013 5260 1231 5275 ——n—*

915 5330 920 5345 '
1048 5334 1077 5394 l)
1096 5333 1139 5394 ut]
1158 5329 1216 5386 Bar.
1234 5342 1315 5396 qvas·

718 5432 721 5439 ·
786 5436 793 5447 =
868 5414 871 5419 “
915 5440 947 5479 η
1046 5415 1077 5477 2)
1100 5413 1158 5467 Bar.
1177 5413 1313 5465 condixit.

1477 5483 1529 5554 82
