4546 5760
79 262 82 267 ⁴
180 140 282 231 sss
659 133 973 263 annocum
1006 136 1081 216 ur
1115 135 1350 220 suevus
1382 111 1741 226 conciones.
1971 219 1980 229 Α,
2142 138 2265 220 „aas

180 326 246 408 sit,
272 320 342 415 ipsi
357 339 501 415 qnoque
514 337 632 387 mores
647 328 789 388 nostros
803 337 924 405 regere
939 326 973 385 et
986 313 1177 386 emendate
1227 320 1378 410 periculi
1398 320 1511 409 ratio,
1533 320 1705 393 siminus
1725 323 1845 419 legum
1868 334 1932 395 aut
1951 315 2151 399 honestatis
2165 342 2221 390 re-
2260 340 2265 386 ι

181 427 405 509 studeamus,
445 443 562 515 neque
590 412 685 490 hanc
713 416 964 512 paedagogiani
994 416 1114 505 legum
1135 439 1176 485 oc
1227 435 1349 516 spectu
1370 424 1584 508 movemini,
1611 439 1646 495 et
1664 427 1761 517 apud
1783 447 1874 522 qnos
1895 425 2042 496 undem
2057 418 2222 494 homines
2260 435 2265 488 t

182 526 393 622 disciplinae
411 542 636 615 respuamus,
657 522 719 592 ted
740 534 780 592 ut
799 519 1029 612 praecipuum
1049 518 1090 586 ln'
1109 511 1176 587 bac
1227 525 1359 618 putatis
1383 549 1449 597 vus
1475 520 1663 599 habitum
1687 550 1763 599 esse
1786 522 2001 621 hospitium,
2031 526 2097 622 qui
2119 527 2222 599 istam
2251 510 2265 585 ¹t

182 632 257 704 vita
278 633 414 701 donum
430 622 500 698 Det
520 623 685 713 religiose
705 645 929 693 veneremur.
979 619 1091 711 Leges
1108 618 1176 710 igi·
1228 630 1417 724 plusquam
1439 630 1638 701 barbariem
1659 653 1801 701 morum
1823 630 2003 702 feritatem
2021 630 2117 700 ferre
2141 651 2223 721 pua-
2261 620 2265 692 l

182 748 243 809 tur
255 726 469 805 Academiae
488 739 630 807 nostrae
648 727 734 796 dum
749 726 962 811 recitantur,
987 723 1177 815 diligenter
1228 730 1325 802 sint?
1376 725 1537 804 Obsecro
1556 756 1621 803 voa
1636 726 1921 825 permistum,
1943 731 2155 825 utpmatir
2168 729 2223 802 vi.
2261 749 2265 794 t

182 859 315 933 quaeso
330 830 463 904 audite.
1228 846 1286 905 tae
1315 857 1356 904 ac
1380 834 1486 905 saluti
1507 848 1660 922 vestrae,
1693 835 1846 928 parcatis
1869 848 1904 907 et
1924 834 2224 928 praeceptoribus,
2262 827 2265 896 1

613 926 752 1004 Recita.
1229 935 1293 1030 qui
1321 959 1460 1007 summa
1487 937 1557 1008 fide
1584 960 1649 1008 vos
1675 938 1822 1024 docent,
1854 951 1889 1010 ct
1911 938 2050 1030 ingenti
2074 960 2162 1008 cura
2184 959 2224 1008 ac
2263 956 2265 1022 ι

737 1109 747 1126 ‚
802 1108 811 1126 ‚
1229 1038 1471 1110 sollicitudine
1499 1063 1566 1132 pro
1589 1053 1705 1110 vestra
1727 1040 1972 1114 incolumitate
1995 1039 2224 1124 adficiuntur,
2264 1061 2265 1100 ³

448 1113 529 1182 Post
550 1112 912 1200 repuerascam.

1230 1163 1320 1235 quos
1346 1156 1440 1212 certe
1468 1142 1552 1213 satis
1580 1142 1721 1215 duriter
1750 1142 1936 1229 cremetis,
1970 1165 2016 1213 ue
2044 1142 2135 1237 quid
2159 1141 2225 1214 tri·
2264 1138 2265 1146 '

284 1239 426 1313 Videtis
454 1241 548 1329 leges
574 1233 640 1308 has
671 1259 747 1306 non
776 1249 916 1307 tanturn
949 1233 1179 1331 aequissimas
1230 1243 1318 1315 erius
1333 1242 1461 1315 dicam.

184 1373 278 1435 esse,
303 1367 430 1416 verum
453 1356 488 1412 et
510 1339 639 1412 studiis
660 1337 807 1424 vestris,
828 1354 863 1410 et
884 1338 978 1410 vitae
991 1333 1178 1408 scholasti·
1331 1358 1428 1431 Dm,
1441 1375 1606 1433 amma,
1618 1375 1717 1455 pm,
1730 1360 1880 1434 Domini
1893 1363 2007 1436 Μή
2023 1360 2105 1435 1030
2118 1360 2225 1436 chri,

184 1477 245 1527 cae
274 1443 639 1523 convenientissimas.
707 1439 962 1512 Praescribunt
992 1440 1089 1510 enim
1119 1463 1177 1560 re-
1229 1464 1295 1550 αἱ,
1321 1458 1492 1535 Eccleffl,
1513 1477 1548 1536 ,t
1562 1462 1798 1558 Reipublicae
1821 1489 1942 1558 pacem
1967 1479 2003 1538 gt
2019 1465 2225 1562 mqffiffi.

184 1565 343 1650 guntque
365 1548 566 1621 studiorum
585 1542 768 1663 ordinem,
793 1543 986 1614 consulunt
1001 1543 1179 1663 tranquil·
1229 1580 1337 1637 mem
1368 1567 1557 1658 lamiam,
1589 1592 1630 1638 ,c
1657 1569 1823 1639 ,andala
1854 1563 2063 1661 prohibeat,
2095 1583 2132 1642 et
2162 1589 2224 1640 ω.

183 1658 299 1741 litati,
333 1653 433 1736 ⁰⁶5⁰,
463 1649 613 1742 pacique
635 1646 818 1765 Plffhhffl‘g
847 1668 938 1740 <1⁰³⁰
958 1646 1003 1715 ad
1027 1647 1179 1765 mfdffl·
1230 1666 1369 1761 Spiritu
1392 1683 1513 1740 sancto
1533 1693 1599 1741 suo
1619 1683 1735 1761 regat,
1761 1694 1802 1740 ac
1818 1684 1959 1762 pectora
1977 1685 2096 1742 vestra
2108 1672 2226 1744 flectat

184 1763 301 1834 tiones
322 1768 358 1826 et
379 1753 563 1825 doctrinae
587 1751 706 1869 studia
727 1772 878 1866 mammo
900 1769 1096 1867 necessaria
1117 1759 1179 1820 est.
1230 1773 1276 1841 ,d
1290 1771 1561 1858 verecundiam,
1586 1787 1622 1844 ,t
1636 1773 1878 1843 obedienfigm
1894 1795 1976 1864 erg,
1989 1772 2102 1864 lega,
2125 1796 2225 1867 pm.

185 1863 353 1937 Tuessfflt
364 1880 406 1928 δῦ
418 1854 589 1925 munium
602 1863 758 1946 qu¹0l⁰⁸s
782 1872 936 1970 {¹¹5in
951 1863 1059 1970 tique·
1072 1872 1180 1919 ¹⁰⁰⁰·
1230 1887 1414 1966 ceptorum
1428 1874 1598 1962 salutem,
1622 1888 1658 1945 et
1669 1889 1822 1947 vestram
1837 1888 1999 1963 tueatur,
2021 1876 2151 1947 studiis
2167 1900 2225 1948 ve·

184 1977 322 2048 centes,
364 1982 426 2029 ne·
443 1957 652 2039 turbentur,
692 1965 754 2024 aut
783 1975 926 2023 maurus
959 1951 1179 2024 adiciantur.
1230 1976 1313 2047 „gs
1327 1975 1503 2047 foeliciter
1519 1977 1694 2070 adspiret,
1720 1990 1827 2071 „que
1843 1977 2032 2049 „nivem
2047 1979 2143 2049 vit„
2158 2003 2225 2049 no,

61 2105 84 2167 ’,
185 2064 342 2159 01101191
355 2084 414 2131 ¹¹¹⁸
427 2083 512 2131 V⁰r⁰
531 2070 565 2128 ⁰¹
581 2052 669 2177 ,hm
683 2055 823 2129 addere·
901 2156 911 2176 ‚
1231 2092 1322 2150 strae
1352 2100 1496 2149 cursum
1528 2079 1721 2169 gubernet,
1759 2080 1806 2149 ad
1834 2078 1985 2169 gloriam
2013 2079 2227 2153 sanctissimi

288 2164 468 2237 Primum
517 2158 594 2249 0¹¹¹
621 2159 784 2227 mudum
812 2180 960 2228 ⁰⁰m¹¹¹³
990 2179 1055 2227 ⁸¹¹³
1084 2157 1180 2249 apud
1231 2180 1389 2251 nominis
1403 2179 1480 2267 sui,
1504 2182 1701 2252 multorum
1718 2176 1925 2268 hominum,
1949 2195 1985 2254 et
2000 2196 2156 2255 vestram
2172 2207 2226 2254 sa-

186 2267 414 2361 mffnffi‘um
435 2263 479 2337 D·
496 2259 687 2335 Raetmm
709 2260 860 2352 Pr⁰fe⁸⁸l
881 2272 983 2344 *ω’
1008 2256 1048 2330 hi
1071 2258 1181 2378 Pfqfij
1231 2284 1363 2369 lutern,
1419 2307 1485 2376 per
1521 2276 1706 2355 Christum
1751 2287 2015 2376 redemptorem
2052 2301 2226 2372 nostrum,

185 2387 347 2455 teantur,
389 2387 535 2460 seseque
565 2362 722 2453 catalogo
752 2363 994 2432 studiosorum
1026 2361 1181 2432 adscribi
1234 2383 1363 2457 Amen·
1415 2383 1510 2461 Dixi·

187 2487 324 2549 curent.
375 2467 451 2558 Qui
471 2490 557 2536 vero
574 2463 642 2535 hoc
658 2465 860 2555 negligunt,
891 2459 976 2544 hos,
1011 2463 1182 2559 quicquid

187 2579 239 2650 eis
254 2570 440 2657 acciderit,
467 2564 758 2641 scholasticorum
771 2567 850 2637 loco
867 2590 942 2636 non
957 2560 1183 2650 habebimus,

187 2695 223 2754 et
234 2676 461 2767 magistratus
473 2671 634 2743 urbanus
647 2692 722 2739 non
735 2669 889 2760 patietur
901 2668 989 2739 tales
1003 2664 1063 2739 bic
1077 2670 1184 2738 ober-
1984 2745 1987 2751 .

49 2757 56 2779 ⁸
151 2805 287 2865 rare,
310 2778 373 2872 qui
392 2798 508 2868 neque
524 2772 656 2843 civium
672 2796 789 2864 neque
803 2771 1043 2843 studiosorum
1057 2770 1097 2841 in
1113 2793 1184 2841 nu·
1245 2798 1312 2873 No·
1335 2795 1397 2871 25·
1627 2770 1631 2776 '
1981 2800 1986 2813 ·
2036 2828 2086 2868 m·
2110 2807 2201 2872 155&

188 2908 287 2956 mero
302 2881 395 2963 sint,
420 2876 610 2946 etnullum
625 2874 870 2969 magistratum
884 2888 1086 2963 agnoscant.
1236 2894 1403 2921 Μ
1586 2945 1588 2950 ,
2015 2895 2225 2931 κον»

291 2981 477 3065 Secundo,
509 3002 590 3048 cum
620 2975 810 3071 aliquoties
838 2976 1029 3067 propositis
1060 2975 1184 3046 edictis
1301 2992 1401 3050 select.
1427 2991 1551 3048 nectam.
1576 2991 1611 3048 Τ.
1632 2991 1681 3046 ιν.
1707 3012 1735 3060 ρ.
1756 2994 1816 3049 ιιι
1850 2992 1969 3050 Servat.
1989 2995 2043 3051 tv.
2066 3014 2097 3068 p.-
2117 2997 2177 3054 tos.
2201 2990 2226 3054 ei

122 3081 125 3090 ¹
188 3085 334 3182 gestatio
356 3082 635 3154 bombardorum
655 3072 835 3171 prohibita
859 3079 923 3159 sit,
947 3079 1110 3148 audimus
1130 3091 1185 3149 ta·
1336 3061 1464 3118 tttetard.
1482 3061 1516 3117 Τ·
1528 3061 1565 3118 ¹¹·
1583 3081 1612 3136 P·
1624 3061 1685 3118 4⁷⁶·

188 3214 272 3262 men
297 3185 471 3280 quosdam
490 3195 692 3275 contempta
710 3181 899 3251 autoritate
915 3181 1185 3270 magistratuum

187 3289 396 3366 bombardis
416 3300 588 3368 armatos,
616 3284 742 3353 tamin
756 3283 887 3374 oppido
902 3277 961 3353 hic
976 3308 1082 3376 quam
1097 3283 1185 3353 soris

189 3398 284 3469 circa
299 3390 471 3463 suburbia
486 3402 520 3459 et
533 3383 673 3470 hortos,
699 3386 909 3456 discursare.
960 3382 1051 3456 Cum
1067 3400 1184 3457 autem

189 3509 325 3570 caetera
338 3492 460 3563 minus
476 3486 621 3561 hostilia
637 3511 734 3558 arma
751 3487 867 3558 edicto
884 3486 1086 3580 principum
1099 3512 1185 3581 pro·
1233 3483 1290 3566 Et
1310 3514 1373 3582 ego
1389 3487 1604 3563 authoritate
1618 3490 1804 3564 Pontificia
1827 3506 1863 3565 et
1880 3490 2132 3587 Imperatoris,
2156 3523 2225 3593 qua

189 3597 307 3672 hibita
331 3596 424 3680 sint,
448 3589 517 3664 hoc
539 3614 651 3682 genus
669 3603 869 3661 armaturae
884 3611 1029 3682 prorsus
1045 3603 1187 3663 nonest
1234 3596 1275 3664 in
1307 3595 1504 3688 praesentia
1537 3595 1685 3684 fungor,
1725 3607 1760 3664 te
1785 3588 1971 3668 Ioannem
1996 3622 2022 3668 a
2048 3593 2227 3687 Baretta,

190 3700 400 3784 terendum,
424 3708 459 3765 et
471 3692 540 3766 hoc
553 3694 595 3762 in
610 3695 689 3764 loco
706 3693 849 3786 publice
864 3689 1116 3783 prohibemus,
1140 3717 1186 3763 ne
1235 3711 1359 3768 natum
1381 3696 1421 3765 in
1442 3696 1575 3791 inclyta
1595 3697 1686 3767 urbe
1703 3693 1851 3784 Brema,
1873 3723 1953 3770 creo
1976 3713 2012 3772 et
2033 3726 2227 3795 promoveo

94 3843 101 3865 x
192 3803 274 3900 quis
294 3799 493 3871 bombarda
513 3821 550 3867 se
567 3811 691 3868 armet.
744 3793 851 3884 Quod
870 3795 900 3864 si
918 3820 1024 3889 quem
1040 3791 1186 3888 posthac
1234 3799 1425 3871 Doctorem
1441 3798 1481 3866 in
1496 3813 1648 3893 utroque
1661 3797 1764 3886 lure,
1788 3797 1972 3873 Canonico
1991 3815 2026 3875 ct
2038 3794 2228 3893 Civiti‚si

158 3974 160 3977 ,
192 3929 274 3979 cum
295 3901 492 3972 bombarda
511 3898 638 3984 tuisse,
663 3896 953 3986 cognoverimus,
977 3897 1017 3967 in
1033 3922 1114 3968 eum
1131 3922 1187 3968 se-
1235 3917 1270 3974 te
1290 3897 1542 3972 honestissimo
1567 3903 1681 3991 gradu
1702 3900 1867 3973 Doctoris
1895 3916 2064 3977 ornatum
2089 3931 2164 3979 esse
2184 3910 2228 3979 de

191 4010 248 4081 rio
265 4029 306 4075 ac
319 4026 439 4077 severe
455 4002 788 4073 animadvertemus.
837 3991 999 4089 Cogitate
1015 4023 1079 4071 vos
1092 4001 1188 4072 inter
1235 4003 1409 4075 sententia
1428 3995 1462 4073 e’t
1478 4003 1685 4092 gravissimo
1708 4004 1841 4075 iudicio
1864 4002 2018 4100 Collegii
2036 4011 2226 4082 renuncio:

192 4101 354 4201 hospites
381 4120 536 4186 vestros,
570 4128 611 4174 ac
638 4101 901 4194 condiscipulos
928 4101 1080 4190 versari,
1110 4126 1186 4175 non
1236 4105 1278 4177 ln
1294 4105 1442 4177 nomine
1455 4104 1589 4191 Patris,
1615 4120 1649 4178 et
1670 4105 1754 4190 filii,
1785 4121 1821 4179 et
1832 4105 1989 4201 Spiritus
2004 4112 2129 4186 sancti,
2180 4109 2227 4184 Et

108 4274 109 4278 ,
192 4215 288 4283 inter
302 4212 475 4280 barbaros
488 4202 625 4292 hostes,
645 4218 708 4278 aut
721 4205 813 4275 teras
829 4204 970 4279 bestias.
1235 4208 1391 4279 attribuo
1412 4207 1479 4277 tibi
1502 4208 1623 4277 omnia
1648 4207 1855 4300 privilegia,
1881 4213 2011 4305 quibua
2026 4208 2087 4285 hie
2102 4218 2228 4286 ordor,

295 4311 422 4385 Tertio
444 4311 569 4380 allatae
592 4308 638 4378 ad
659 4329 726 4379 nos
742 4317 826 4379 sunt
843 4304 1186 4401 querelaealamilia
1235 4309 1383 4382 summis
1420 4308 1671 4402 Principibus,
1716 4310 1889 4402 singcdari
1928 4315 2079 4388 consilio
2121 4341 2228 4390 orna·

195 4415 368 4489 Praefecti
401 4428 437 4485 et
463 4410 660 4501 Quaestore
690 4412 735 4480 de
764 4409 977 4502 quibusdam
1007 4407 1186 4491 studiosis,
1235 4427 1292 4486 tus
1312 4425 1374 4486 est,

194 4517 259 4614 qui
282 4519 403 4587 vincas
422 4512 619 4605 Principis,
651 4526 686 4584 et
709 4511 878 4597 aliorum,
902 4511 1109 4583 bombardis
1129 4535 1186 4581 ar·
1223 4525 1225 4529 ’

192 4618 282 4691 mati
305 4620 474 4690 dicuntur
495 4614 675 4711 populari.
734 4609 839 4700 lllos,
867 4615 1070 4707 quicunque
1094 4626 1188 4699 sunt,
1513 4699 1517 4703 ,
1561 4592 1723 4663 Wlttlttt
1750 4604 1785 4666 el
1808 4597 1905 4668 'llber-

194 4721 306 4804 serio,
331 4735 366 4791 et
385 4743 451 4813 pro
475 4731 595 4789 nostra
620 4718 689 4787 fide
704 4738 910 4802 monemus,
934 4729 975 4787 ut
990 4741 1010 4786 a
1027 4715 1090 4786 tali
1108 4715 1187 4787 vio·
1336 4711 1385 4787 Et
1407 4714 1491 4809 quia
1513 4729 1685 4801 vetustas,
1720 4732 1761 4789 nt
1782 4720 1862 4789 talis
1884 4722 2109 4795 renunciatio
2141 4739 2228 4796 esset

195 4824 305 4896 tentia
329 4846 378 4893 se·⁴
390 4820 611 4902 abstineant,
636 4819 759 4889 vineas
779 4817 911 4905 vitent,
934 4842 1051 4913 neque
1072 4843 1186 4889 unum
1236 4817 1428 4903 celebrior,
1460 4818 1602 4888 addidit
1632 4819 1731 4909 signa
1761 4824 1953 4915 quaedam,
1995 4851 2085 4919 quae
2115 4828 2230 4898 votuit

175 4942 302 5021 ,atque
323 4927 474 4995 alterum
495 4925 639 4994 botrum
662 4920 754 4993 tanti
771 4920 920 5004 saciant,
946 4935 986 4990 ut
1003 4937 1188 5012 propterea
1236 4944 1395 4991 essenon
1411 4920 1550 5012 ineptos
1565 4921 1687 5006 ludos,
1720 4925 1781 4993 sed
1796 4925 1902 4995 utiles
1915 4930 2229 5002 commonefactio·

197 5029 311 5121 capita
326 5040 361 5097 et
374 5026 483 5097 vitam
498 5025 610 5095 velint
623 5024 663 5094 in
676 5022 869 5094 discrimen
883 5023 1068 5095 adducere.
1095 5020 1186 5094 Nam
1236 5047 1299 5093 nes
1324 5023 1581 5108 consideranti,
1614 5024 1702 5117 quid
1726 5050 1849 5097 revera
1873 5029 2091 5119 significent,
2116 5029 2230 5103 iubis

161 5174 165 5181 -
196 5131 302 5202 nobis
324 5129 518 5199 indicatum
541 5142 611 5212 est,
635 5127 686 5198 ita
702 5125 851 5195 insidias
866 5149 939 5197 esse
956 5125 995 5194 in
1011 5124 1084 5193 illis
1100 5126 1188 5196 locis
1236 5150 1378 5220 quoque
1395 5149 1530 5195 morem
1546 5125 1715 5196 usitatum
1732 5131 1892 5206 servabo.

197 5234 405 5316 instructas,
436 5244 477 5302 ut
500 5230 563 5325 qui
586 5227 796 5314 inciderint,
820 5227 994 5300 incolumi
1017 5228 1089 5298 vita
1112 5251 1187 5298 non
1335 5224 1389 5298 Ac
1410 5228 1564 5320 primum
1587 5242 1620 5299 te
1642 5227 1682 5297 in
1707 5226 1801 5302 hanc
1820 5228 2005 5307 honestam
2024 5237 2228 5313 cathedram

196 5336 269 5406 sint
297 5335 448 5408 evasuri.
507 5332 653 5406 Moveat
680 5331 790 5423 igitur
815 5353 879 5403 vos
905 5332 1028 5404 saltem
1051 5331 1188 5424 proprii
1237 5332 1390 5416 colloco,
1417 5343 1452 5402 et
1471 5331 1605 5402 librum
1625 5331 1692 5404 tibi
1708 5336 1851 5427 aperio,
1878 5355 2081 5432 quugestu,
2106 5347 2250 5418 scitote·

1232 3228 1345 3299 Ritus
1362 3220 1726 3320 pronunciemus
1746 3229 1950 3300 loannes
1974 3249 2000 3300 a
2019 3226 2227 3304 Borctes

1475 3336 1668 3401 crearetur·
1693 3330 1833 3402 Ductor
1856 3330 1989 3424 luris).
2046 3372 2051 3391 .
