<?xml version="1.0" encoding="UTF-8"?>
<!DOCTYPE html PUBLIC "-//W3C//DTD XHTML 1.0 Transitional//EN"
    "http://www.w3.org/TR/xhtml1/DTD/xhtml1-transitional.dtd">
<html xmlns="http://www.w3.org/1999/xhtml" xml:lang="en" lang="en">
 <head>
  <title>
</title>
<meta http-equiv="Content-Type" content="text/html;charset=utf-8" />
  <meta name='ocr-system' content='tesseract 3.04.00' />
  <meta name='ocr-capabilities' content='ocr_page ocr_carea ocr_par ocr_line ocrx_word'/>
</head>
<body>
  <div class='ocr_page' id='page_1' title='image "./corpusreformato02melagoog/corpusreformato02melagoog_0039.png"; bbox 0 0 4546 5760; ppageno 0'>
   <div class='ocr_carea' id='block_1_1' title="bbox 104 85 2148 250">
    <p class='ocr_par' dir='ltr' id='par_1_1' title="bbox 104 85 2148 250">
     <span class='ocr_line' id='line_1_1' title="bbox 104 85 2148 250; baseline -0.007 -7"><span class='ocrx_word' id='word_1_1' title='bbox 104 147 156 243; x_wconf 77' lang='lat' dir='ltr'>so·</span> <span class='ocrx_word' id='word_1_2' title='bbox 265 140 734 250; x_wconf 75' lang='lat' dir='ltr'>nersrocsn&#39;uu,</span> <span class='ocrx_word' id='word_1_3' title='bbox 772 138 1266 234; x_wconf 76' lang='lat' dir='ltr'>iuorcronuusr</span> <span class='ocrx_word' id='word_1_4' title='bbox 1299 85 1700 224; x_wconf 80' lang='lat' dir='ltr'>scruronuu</span> <span class='ocrx_word' id='word_1_5' title='bbox 1747 147 1985 233; x_wconf 79' lang='lat' dir='ltr'>nrnxrv.</span> <span class='ocrx_word' id='word_1_6' title='bbox 2093 156 2148 238; x_wconf 74' lang='lat' dir='ltr'>‚so</span> 
     </span>
    </p>
   </div>
   <div class='ocr_carea' id='block_1_2' title="bbox 82 316 1109 916">
    <p class='ocr_par' dir='ltr' id='par_1_2' title="bbox 82 316 1109 916">
     <span class='ocr_line' id='line_1_2' title="bbox 82 316 1106 420; baseline -0.02 -14"><span class='ocrx_word' id='word_1_7' title='bbox 82 322 86 329; x_wconf 52' lang='grc'><strong>’</strong></span> <span class='ocrx_word' id='word_1_8' title='bbox 106 333 248 407; x_wconf 84' lang='lat' dir='ltr'>Deinde</span> <span class='ocrx_word' id='word_1_9' title='bbox 277 333 381 402; x_wconf 87' lang='lat' dir='ltr'>valde</span> <span class='ocrx_word' id='word_1_10' title='bbox 410 338 445 402; x_wconf 88' lang='lat' dir='ltr'>le</span> <span class='ocrx_word' id='word_1_11' title='bbox 468 352 561 414; x_wconf 87' lang='lat' dir='ltr'>oro,</span> <span class='ocrx_word' id='word_1_12' title='bbox 593 337 634 402; x_wconf 89' lang='lat' dir='ltr'>ut</span> <span class='ocrx_word' id='word_1_13' title='bbox 658 353 739 400; x_wconf 88' lang='lat' dir='ltr'>eum</span> <span class='ocrx_word' id='word_1_14' title='bbox 762 323 860 397; x_wconf 86' lang='lat' dir='ltr'>Deus</span> <span class='ocrx_word' id='word_1_15' title='bbox 883 318 1022 420; x_wconf 79' lang='lat' dir='ltr'>dederit</span> <span class='ocrx_word' id='word_1_16' title='bbox 1040 316 1106 391; x_wconf 88' lang='lat' dir='ltr'>tibi</span> 
     </span>
     <span class='ocr_line' id='line_1_3' title="bbox 109 427 1106 527; baseline -0.017 -20"><span class='ocrx_word' id='word_1_17' title='bbox 109 439 214 506; x_wconf 73' lang='lat' dir='ltr'>valde</span> <span class='ocrx_word' id='word_1_18' title='bbox 243 435 459 527; x_wconf 84' lang='lat' dir='ltr'>praeclaram</span> <span class='ocrx_word' id='word_1_19' title='bbox 491 431 672 516; x_wconf 79' lang='lat' dir='ltr'><strong>indolem,</strong></span> <span class='ocrx_word' id='word_1_20' title='bbox 713 444 752 501; x_wconf 88' lang='lat' dir='ltr'>et</span> <span class='ocrx_word' id='word_1_21' title='bbox 777 427 963 516; x_wconf 76' lang='lat' dir='ltr'>ingenium</span> <span class='ocrx_word' id='word_1_22' title='bbox 986 438 1106 515; x_wconf 84' lang='lat' dir='ltr'>aptum</span> 
     </span>
     <span class='ocr_line' id='line_1_4' title="bbox 109 524 1109 618; baseline -0.019 -7"><span class='ocrx_word' id='word_1_23' title='bbox 109 535 409 611; x_wconf 77' lang='lat' dir='ltr'>honestisrebus:</span> <span class='ocrx_word' id='word_1_24' title='bbox 442 556 563 618; x_wconf 89' lang='lat' dir='ltr'>cures,</span> <span class='ocrx_word' id='word_1_25' title='bbox 589 549 628 603; x_wconf 90' lang='lat' dir='ltr'>ut</span> <span class='ocrx_word' id='word_1_26' title='bbox 646 537 776 603; x_wconf 89' lang='lat' dir='ltr'>bonam</span> <span class='ocrx_word' id='word_1_27' title='bbox 789 543 958 598; x_wconf 83' lang='lat' dir='ltr'>naturam</span> <span class='ocrx_word' id='word_1_28' title='bbox 974 524 1109 595; x_wconf 87' lang='lat' dir='ltr'>doctri-</span> 
     </span>
     <span class='ocr_line' id='line_1_5' title="bbox 109 630 1109 731; baseline -0.018 -19"><span class='ocrx_word' id='word_1_29' title='bbox 109 656 157 712; x_wconf 85' lang='lat' dir='ltr'>n&#39;a</span> <span class='ocrx_word' id='word_1_30' title='bbox 178 640 356 731; x_wconf 87' lang='lat' dir='ltr'>expolias,</span> <span class='ocrx_word' id='word_1_31' title='bbox 381 660 447 707; x_wconf 90' lang='lat' dir='ltr'>nec</span> <span class='ocrx_word' id='word_1_32' title='bbox 468 637 586 705; x_wconf 90' lang='lat' dir='ltr'>studia</span> <span class='ocrx_word' id='word_1_33' title='bbox 610 637 793 705; x_wconf 90' lang='lat' dir='ltr'>literarum</span> <span class='ocrx_word' id='word_1_34' title='bbox 817 630 1016 701; x_wconf 90' lang='lat' dir='ltr'>abiicienda</span> <span class='ocrx_word' id='word_1_35' title='bbox 1035 649 1109 695; x_wconf 88' lang='lat' dir='ltr'>esse</span> 
     </span>
     <span class='ocr_line' id='line_1_6' title="bbox 111 727 1109 837; baseline -0.018 -24"><span class='ocrx_word' id='word_1_36' title='bbox 111 758 226 837; x_wconf 89' lang='lat' dir='ltr'>putes.</span> <span class='ocrx_word' id='word_1_37' title='bbox 297 741 354 810; x_wconf 79' lang='lat' dir='ltr'>Ad</span> <span class='ocrx_word' id='word_1_38' title='bbox 370 742 526 822; x_wconf 77' lang='lat' dir='ltr'>¹laudem</span> <span class='ocrx_word' id='word_1_39' title='bbox 553 751 587 806; x_wconf 90' lang='lat' dir='ltr'>et</span> <span class='ocrx_word' id='word_1_40' title='bbox 608 742 715 809; x_wconf 90' lang='lat' dir='ltr'>decus</span> <span class='ocrx_word' id='word_1_41' title='bbox 739 737 834 805; x_wconf 88' lang='lat' dir='ltr'>viam</span> <span class='ocrx_word' id='word_1_42' title='bbox 857 732 925 803; x_wconf 90' lang='lat' dir='ltr'>tibi</span> <span class='ocrx_word' id='word_1_43' title='bbox 946 727 1109 802; x_wconf 83' lang='lat' dir='ltr'>doctrina</span> 
     </span>
     <span class='ocr_line' id='line_1_7' title="bbox 113 840 622 916; baseline -0.02 0"><span class='ocrx_word' id='word_1_44' title='bbox 113 849 250 916; x_wconf 84' lang='lat' dir='ltr'>lactura</span> <span class='ocrx_word' id='word_1_45' title='bbox 267 857 330 914; x_wconf 88' lang='lat' dir='ltr'>est.</span> <span class='ocrx_word' id='word_1_46' title='bbox 384 841 483 911; x_wconf 86' lang='lat' dir='ltr'>Bene</span> <span class='ocrx_word' id='word_1_47' title='bbox 500 840 589 913; x_wconf 84' lang='lat' dir='ltr'>vale.</span> <span class='ocrx_word' id='word_1_48' title='bbox 618 852 622 862; x_wconf 90' lang='grc'><strong>’</strong></span> 
     </span>
    </p>
   </div>
   <div class='ocr_carea' id='block_1_3' title="bbox 1156 307 2153 1118">
    <p class='ocr_par' dir='ltr' id='par_1_3' title="bbox 1156 307 2153 1118">
     <span class='ocr_line' id='line_1_8' title="bbox 1156 307 2152 413; baseline 0.006 -26"><span class='ocrx_word' id='word_1_49' title='bbox 1156 316 1328 388; x_wconf 81' lang='lat' dir='ltr'>dicimus:</span> <span class='ocrx_word' id='word_1_50' title='bbox 1359 307 1491 407; x_wconf 78' lang='lat' dir='ltr'>Non&#39;)</span> <span class='ocrx_word' id='word_1_51' title='bbox 1505 317 1669 387; x_wconf 85' lang='lat' dir='ltr'>adfirmat</span> <span class='ocrx_word' id='word_1_52' title='bbox 1680 318 1721 387; x_wconf 91' lang='lat' dir='ltr'>in</span> <span class='ocrx_word' id='word_1_53' title='bbox 1737 340 1884 408; x_wconf 88' lang='lat' dir='ltr'>genere,</span> <span class='ocrx_word' id='word_1_54' title='bbox 1908 320 2027 390; x_wconf 87' lang='lat' dir='ltr'>valere</span> <span class='ocrx_word' id='word_1_55' title='bbox 2039 338 2152 413; x_wconf 58' lang='lat' dir='ltr'>sponss</span> 
     </span>
     <span class='ocr_line' id='line_1_9' title="bbox 1157 418 2151 511; baseline 0.007 -22"><span class='ocrx_word' id='word_1_56' title='bbox 1157 420 1244 490; x_wconf 84' lang='lat' dir='ltr'>salia</span> <span class='ocrx_word' id='word_1_57' title='bbox 1261 431 1440 489; x_wconf 82' lang='lat' dir='ltr'>contracte</span> <span class='ocrx_word' id='word_1_58' title='bbox 1456 418 1751 489; x_wconf 67' lang='lat' dir='ltr'>dissentientibus</span> <span class='ocrx_word' id='word_1_59' title='bbox 1769 421 1988 511; x_wconf 82' lang='lat' dir='ltr'>parentibus.</span> <span class='ocrx_word' id='word_1_60' title='bbox 2021 421 2096 494; x_wconf 76' lang='lat' dir='ltr'>-ne</span> <span class='ocrx_word' id='word_1_61' title='bbox 2110 449 2151 496; x_wconf 83' lang='lat' dir='ltr'>ea</span> 
     </span>
     <span class='ocr_line' id='line_1_10' title="bbox 1157 503 2152 614; baseline 0.005 -23"><span class='ocrx_word' id='word_1_62' title='bbox 1157 546 1195 592; x_wconf 95' lang='lat' dir='ltr'>re</span> <span class='ocrx_word' id='word_1_63' title='bbox 1212 523 1251 590; x_wconf 92' lang='lat' dir='ltr'>in</span> <span class='ocrx_word' id='word_1_64' title='bbox 1267 517 1434 591; x_wconf 81' lang='lat' dir='ltr'>Ecclesiis</span> <span class='ocrx_word' id='word_1_65' title='bbox 1448 533 1482 589; x_wconf 86' lang='lat' dir='ltr'>et</span> <span class='ocrx_word' id='word_1_66' title='bbox 1495 503 1719 591; x_wconf 68' lang='lat' dir='ltr'>consistoriid</span> <span class='ocrx_word' id='word_1_67' title='bbox 1729 517 1863 601; x_wconf 78' lang='lat' dir='ltr'>hanrm,</span> <span class='ocrx_word' id='word_1_68' title='bbox 1876 523 2063 614; x_wconf 89' lang='lat' dir='ltr'>regionum</span> <span class='ocrx_word' id='word_1_69' title='bbox 2083 526 2152 596; x_wconf 85' lang='lat' dir='ltr'>ali·</span> 
     </span>
     <span class='ocr_line' id='line_1_11' title="bbox 1158 619 2153 718; baseline 0.004 -24"><span class='ocrx_word' id='word_1_70' title='bbox 1158 624 1244 717; x_wconf 90' lang='lat' dir='ltr'>quid</span> <span class='ocrx_word' id='word_1_71' title='bbox 1269 621 1541 716; x_wconf 84' lang='lat' dir='ltr'>pronunciatur.</span> <span class='ocrx_word' id='word_1_72' title='bbox 1577 620 1618 693; x_wconf 88' lang='lat' dir='ltr'>si</span> <span class='ocrx_word' id='word_1_73' title='bbox 1639 619 1813 718; x_wconf 87' lang='lat' dir='ltr'>Doctor²)</span> <span class='ocrx_word' id='word_1_74' title='bbox 1834 625 1995 696; x_wconf 77' lang='lat' dir='ltr'>defendit</span> <span class='ocrx_word' id='word_1_75' title='bbox 2012 641 2153 699; x_wconf 89' lang='lat' dir='ltr'>nostra-</span> 
     </span>
     <span class='ocr_line' id='line_1_12' title="bbox 1158 720 2152 817; baseline 0.004 -21"><span class='ocrx_word' id='word_1_76' title='bbox 1158 751 1238 797; x_wconf 91' lang='lat' dir='ltr'>rum</span> <span class='ocrx_word' id='word_1_77' title='bbox 1266 720 1505 795; x_wconf 86' lang='lat' dir='ltr'>Ecclesiamm</span> <span class='ocrx_word' id='word_1_78' title='bbox 1534 726 1744 795; x_wconf 90' lang='lat' dir='ltr'>sententiam</span> <span class='ocrx_word' id='word_1_79' title='bbox 1776 741 1810 795; x_wconf 91' lang='lat' dir='ltr'>et</span> <span class='ocrx_word' id='word_1_80' title='bbox 1845 729 2152 817; x_wconf 87' lang='lat' dir='ltr'>consuetudinem,</span> 
     </span>
     <span class='ocr_line' id='line_1_13' title="bbox 1159 822 2153 922; baseline 0.006 -26"><span class='ocrx_word' id='word_1_81' title='bbox 1159 851 1233 897; x_wconf 92' lang='lat' dir='ltr'>non</span> <span class='ocrx_word' id='word_1_82' title='bbox 1251 849 1437 918; x_wconf 89' lang='lat' dir='ltr'>possumus</span> <span class='ocrx_word' id='word_1_83' title='bbox 1450 850 1530 895; x_wconf 91' lang='lat' dir='ltr'>eum</span> <span class='ocrx_word' id='word_1_84' title='bbox 1548 825 1764 917; x_wconf 86' lang='lat' dir='ltr'>improbare,</span> <span class='ocrx_word' id='word_1_85' title='bbox 1789 827 1884 921; x_wconf 92' lang='lat' dir='ltr'>quod</span> <span class='ocrx_word' id='word_1_86' title='bbox 1901 828 1943 897; x_wconf 88' lang='lat' dir='ltr'>ad</span> <span class='ocrx_word' id='word_1_87' title='bbox 1963 822 2057 900; x_wconf 90' lang='lat' dir='ltr'>hanc</span> <span class='ocrx_word' id='word_1_88' title='bbox 2071 856 2153 922; x_wconf 89' lang='lat' dir='ltr'>par·</span> 
     </span>
     <span class='ocr_line' id='line_1_14' title="bbox 1160 921 2151 1012; baseline 0.003 -11"><span class='ocrx_word' id='word_1_89' title='bbox 1160 944 1231 1001; x_wconf 90' lang='lat' dir='ltr'>tem</span> <span class='ocrx_word' id='word_1_90' title='bbox 1256 927 1392 1012; x_wconf 77' lang='lat' dir='ltr'>attinet,</span> <span class='ocrx_word' id='word_1_91' title='bbox 1449 921 1504 997; x_wconf 87' lang='lat' dir='ltr'>Ac</span> <span class='ocrx_word' id='word_1_92' title='bbox 1531 927 1661 997; x_wconf 88' lang='lat' dir='ltr'>scimus</span> <span class='ocrx_word' id='word_1_93' title='bbox 1683 928 1862 999; x_wconf 90' lang='lat' dir='ltr'>interdum</span> <span class='ocrx_word' id='word_1_94' title='bbox 1888 930 2050 1001; x_wconf 88' lang='lat' dir='ltr'>addictos</span> <span class='ocrx_word' id='word_1_95' title='bbox 2080 932 2151 1004; x_wconf 90' lang='lat' dir='ltr'>iuri</span> 
     </span>
     <span class='ocr_line' id='line_1_15' title="bbox 1161 1027 2153 1118; baseline 0.004 -17"><span class='ocrx_word' id='word_1_96' title='bbox 1161 1029 1368 1113; x_wconf 83' lang='lat' dir='ltr'>Pontificio,</span> <span class='ocrx_word' id='word_1_97' title='bbox 1394 1027 1546 1098; x_wconf 84' lang='lat' dir='ltr'>libenter</span> <span class='ocrx_word' id='word_1_98' title='bbox 1567 1028 1734 1118; x_wconf 87' lang='lat' dir='ltr'>sugillare</span> <span class='ocrx_word' id='word_1_99' title='bbox 1749 1044 1784 1099; x_wconf 91' lang='lat' dir='ltr'>et</span> <span class='ocrx_word' id='word_1_100' title='bbox 1801 1030 1942 1101; x_wconf 90' lang='lat' dir='ltr'>irritare</span> <span class='ocrx_word' id='word_1_101' title='bbox 1960 1033 2153 1105; x_wconf 84' lang='lat' dir='ltr'>conciona-</span> 
     </span>
    </p>
   </div>
   <div class='ocr_carea' id='block_1_4' title="bbox 1104 1125 2154 1217">
    <p class='ocr_par' dir='ltr' id='par_1_4' title="bbox 1104 1125 2154 1217">
     <span class='ocr_line' id='line_1_16' title="bbox 1104 1125 2154 1217; baseline 0.001 -11"><span class='ocrx_word' id='word_1_102' title='bbox 1104 1200 1107 1206; x_wconf 92' lang='lat'>.</span> <span class='ocrx_word' id='word_1_103' title='bbox 1160 1147 1255 1204; x_wconf 91' lang='lat' dir='ltr'>tores</span> <span class='ocrx_word' id='word_1_104' title='bbox 1276 1131 1314 1217; x_wconf 87' lang='lat' dir='ltr'>in</span> <span class='ocrx_word' id='word_1_105' title='bbox 1336 1125 1403 1200; x_wconf 91' lang='lat' dir='ltr'>hac</span> <span class='ocrx_word' id='word_1_106' title='bbox 1423 1131 1592 1216; x_wconf 89' lang='lat' dir='ltr'>materia,</span> <span class='ocrx_word' id='word_1_107' title='bbox 1618 1148 1780 1203; x_wconf 87' lang='lat' dir='ltr'>nontam</span> <span class='ocrx_word' id='word_1_108' title='bbox 1795 1148 1837 1204; x_wconf 94' lang='lat' dir='ltr'>ut</span> <span class='ocrx_word' id='word_1_109' title='bbox 1852 1132 2042 1205; x_wconf 88' lang='lat' dir='ltr'>videantur</span> <span class='ocrx_word' id='word_1_110' title='bbox 2056 1160 2154 1207; x_wconf 89' lang='lat' dir='ltr'>acres</span> 
     </span>
    </p>
   </div>
   <div class='ocr_carea' id='block_1_5' title="bbox 943 1320 1114 1349">
    <p class='ocr_par' dir='ltr' id='par_1_5' title="bbox 943 1320 1114 1349">
     <span class='ocr_line' id='line_1_17' title="bbox 943 1320 1114 1349; baseline -0.023 0"><span class='ocrx_word' id='word_1_111' title='bbox 943 1320 1114 1349; x_wconf 54' lang='grc' dir='ltr'>Μ</span> 
     </span>
    </p>
   </div>
   <div class='ocr_carea' id='block_1_6' title="bbox 114 1232 313 1310">
    <p class='ocr_par' dir='ltr' id='par_1_6' title="bbox 114 1232 313 1310">
     <span class='ocr_line' id='line_1_18' title="bbox 114 1232 313 1310; baseline 0 0"><span class='ocrx_word' id='word_1_112' title='bbox 114 1236 184 1310; x_wconf 84' lang='grc' dir='ltr'>Νο.</span> <span class='ocrx_word' id='word_1_113' title='bbox 202 1232 313 1310; x_wconf 75' lang='lat'>7027.</span> 
     </span>
    </p>
   </div>
   <div class='ocr_carea' id='block_1_7' title="bbox 123 1332 296 1364">
    <p class='ocr_par' dir='ltr' id='par_1_7' title="bbox 123 1332 296 1364">
     <span class='ocr_line' id='line_1_19' title="bbox 123 1332 296 1364; baseline -0.023 0"><span class='ocrx_word' id='word_1_114' title='bbox 123 1332 296 1364; x_wconf 56' lang='lat' dir='ltr'>»om</span> 
     </span>
    </p>
   </div>
   <div class='ocr_carea' id='block_1_8' title="bbox 442 1434 777 1529">
    <p class='ocr_par' dir='ltr' id='par_1_8' title="bbox 442 1434 777 1529">
     <span class='ocr_line' id='line_1_20' title="bbox 442 1434 777 1529; baseline 0.021 -7"><span class='ocrx_word' id='word_1_115' title='bbox 442 1444 446 1450; x_wconf 88' lang='grc'><strong>’</strong></span> <span class='ocrx_word' id='word_1_116' title='bbox 525 1434 706 1522; x_wconf 81' lang='lat' dir='ltr'>Et‘dem.</span> <span class='ocrx_word' id='word_1_117' title='bbox 774 1521 777 1529; x_wconf 83' lang='lat'>.</span> 
     </span>
    </p>
   </div>
   <div class='ocr_carea' id='block_1_9' title="bbox 163 1605 949 1684">
    <p class='ocr_par' dir='ltr' id='par_1_9' title="bbox 163 1605 949 1684">
     <span class='ocr_line' id='line_1_21' title="bbox 163 1605 949 1684; baseline -0.011 -15"><span class='ocrx_word' id='word_1_118' title='bbox 163 1651 167 1658; x_wconf 88' lang='lat'>-</span> <span class='ocrx_word' id='word_1_119' title='bbox 187 1613 275 1669; x_wconf 82' lang='lat' dir='ltr'>Msul.</span> <span class='ocrx_word' id='word_1_120' title='bbox 296 1630 322 1684; x_wconf 90' lang='lat' dir='ltr'>p.</span> <span class='ocrx_word' id='word_1_121' title='bbox 335 1609 395 1666; x_wconf 76' lang='lat'>840.</span> <span class='ocrx_word' id='word_1_122' title='bbox 432 1613 535 1683; x_wconf 77' lang='lat' dir='ltr'>Apogr.</span> <span class='ocrx_word' id='word_1_123' title='bbox 550 1610 578 1663; x_wconf 92' lang='lat' dir='ltr'>in</span> <span class='ocrx_word' id='word_1_124' title='bbox 594 1609 656 1664; x_wconf 85' lang='lat' dir='ltr'>eod.</span> <span class='ocrx_word' id='word_1_125' title='bbox 669 1608 764 1664; x_wconf 84' lang='lat' dir='ltr'>Mehn.</span> <span class='ocrx_word' id='word_1_126' title='bbox 779 1607 829 1664; x_wconf 90' lang='lat' dir='ltr'>lll.</span> <span class='ocrx_word' id='word_1_127' title='bbox 847 1626 875 1678; x_wconf 80' lang='lat' dir='ltr'>p·</span> <span class='ocrx_word' id='word_1_128' title='bbox 890 1605 949 1663; x_wconf 72' lang='grc'><strong>135.</strong></span> 
     </span>
    </p>
   </div>
   <div class='ocr_carea' id='block_1_10' title="bbox 33 1758 1117 2042">
    <p class='ocr_par' dir='ltr' id='par_1_10' title="bbox 33 1758 1117 2042">
     <span class='ocr_line' id='line_1_22' title="bbox 33 1758 1116 1856; baseline -0.017 -7"><span class='ocrx_word' id='word_1_129' title='bbox 33 1822 37 1838; x_wconf 83' lang='lat'><em>·</em></span> <span class='ocrx_word' id='word_1_130' title='bbox 120 1770 259 1849; x_wconf 78' lang='lat' dir='ltr'>Nobili</span> <span class='ocrx_word' id='word_1_131' title='bbox 274 1766 517 1850; x_wconf 83' lang='lat' dir='ltr'>adolescenti,</span> <span class='ocrx_word' id='word_1_132' title='bbox 537 1777 570 1839; x_wconf 86' lang='lat' dir='ltr'>et</span> <span class='ocrx_word' id='word_1_133' title='bbox 585 1793 665 1838; x_wconf 85' lang='lat' dir='ltr'>oum</span> <span class='ocrx_word' id='word_1_134' title='bbox 683 1761 808 1837; x_wconf 81' lang='lat' dir='ltr'>indole</span> <span class='ocrx_word' id='word_1_135' title='bbox 823 1758 1116 1856; x_wconf 76' lang='lat' dir='ltr'>honorificentis-</span> 
     </span>
     <span class='ocr_line' id='line_1_23' title="bbox 119 1863 1117 2042; baseline -0.017 -93"><span class='ocrx_word' id='word_1_136' title='bbox 119 1879 218 1950; x_wconf 86' lang='lat' dir='ltr'>simo</span> <span class='ocrx_word' id='word_1_137' title='bbox 228 1875 264 1970; x_wconf 82' lang='lat'>*)</span> <span class='ocrx_word' id='word_1_138' title='bbox 276 1867 458 1972; x_wconf 82' lang='lat' dir='ltr'>praedito,</span> <span class='ocrx_word' id='word_1_139' title='bbox 479 1881 555 1941; x_wconf 88' lang='lat' dir='ltr'>tum</span> <span class='ocrx_word' id='word_1_140' title='bbox 572 1870 611 1938; x_wconf 84' lang='lat' dir='ltr'>in</span> <span class='ocrx_word' id='word_1_141' title='bbox 628 1868 777 2042; x_wconf 47' lang='lat' dir='ltr'>optimis</span> <span class='ocrx_word' id='word_1_142' title='bbox 793 1865 929 1939; x_wconf 83' lang='lat' dir='ltr'>studiis</span> <span class='ocrx_word' id='word_1_143' title='bbox 945 1863 1117 1944; x_wconf 75' lang='lat' dir='ltr'>versanti,</span> 
     </span>
    </p>
   </div>
   <div class='ocr_carea' id='block_1_11' title="bbox 334 1964 895 2070">
    <p class='ocr_par' dir='ltr' id='par_1_11' title="bbox 334 1964 895 2070">
     <span class='ocr_line' id='line_1_24' title="bbox 334 1964 895 2070; baseline -0.011 -25"><span class='ocrx_word' id='word_1_144' title='bbox 334 1971 369 2046; x_wconf 91' lang='lat' dir='ltr'>I.</span> <span class='ocrx_word' id='word_1_145' title='bbox 386 1968 437 2048; x_wconf 86' lang='lat' dir='ltr'>R.</span> <span class='ocrx_word' id='word_1_146' title='bbox 459 1969 622 2070; x_wconf 86' lang='lat' dir='ltr'>(loanni</span> <span class='ocrx_word' id='word_1_147' title='bbox 691 1964 895 2065; x_wconf 81' lang='lat' dir='ltr'>iedesel.)</span> 
     </span>
    </p>
   </div>
   <div class='ocr_carea' id='block_1_12' title="bbox 36 2115 1123 3531">
    <p class='ocr_par' dir='ltr' id='par_1_12' title="bbox 36 2115 1118 2324">
     <span class='ocr_line' id='line_1_25' title="bbox 124 2115 1118 2215; baseline -0.013 -16"><span class='ocrx_word' id='word_1_148' title='bbox 124 2115 173 2203; x_wconf 82' lang='lat' dir='ltr'>S.</span> <span class='ocrx_word' id='word_1_149' title='bbox 198 2125 243 2198; x_wconf 89' lang='lat' dir='ltr'>D.</span> <span class='ocrx_word' id='word_1_150' title='bbox 279 2125 384 2215; x_wconf 83' lang='lat' dir='ltr'>erod</span> <span class='ocrx_word' id='word_1_151' title='bbox 404 2125 491 2193; x_wconf 89' lang='lat' dir='ltr'>meis</span> <span class='ocrx_word' id='word_1_152' title='bbox 507 2123 619 2193; x_wconf 88' lang='lat' dir='ltr'>literis</span> <span class='ocrx_word' id='word_1_153' title='bbox 633 2136 705 2193; x_wconf 90' lang='lat' dir='ltr'>tam</span> <span class='ocrx_word' id='word_1_154' title='bbox 720 2130 880 2190; x_wconf 87' lang='lat' dir='ltr'>amanter</span> <span class='ocrx_word' id='word_1_155' title='bbox 893 2117 1118 2211; x_wconf 83' lang='lat' dir='ltr'>respondisti,</span> 
     </span>
     <span class='ocr_line' id='line_1_26' title="bbox 36 2221 1118 2324; baseline -0.011 -24"><span class='ocrx_word' id='word_1_156' title='bbox 36 2246 41 2257; x_wconf 80' lang='grc'><em>“</em></span> <span class='ocrx_word' id='word_1_157' title='bbox 124 2229 424 2301; x_wconf 88' lang='lat' dir='ltr'>iocundissimum</span> <span class='ocrx_word' id='word_1_158' title='bbox 457 2221 552 2324; x_wconf 63' lang='lat' dir='ltr'>mihi</span> <span class='ocrx_word' id='word_1_159' title='bbox 574 2239 638 2295; x_wconf 86' lang='lat' dir='ltr'>est.</span> <span class='ocrx_word' id='word_1_160' title='bbox 695 2224 861 2295; x_wconf 87' lang='lat' dir='ltr'>Delector</span> <span class='ocrx_word' id='word_1_161' title='bbox 880 2222 977 2291; x_wconf 90' lang='lat' dir='ltr'>euim</span> <span class='ocrx_word' id='word_1_162' title='bbox 999 2243 1118 2290; x_wconf 91' lang='lat' dir='ltr'>amore</span> 
     </span>
    </p>

    <p class='ocr_par' dir='ltr' id='par_1_13' title="bbox 64 2323 1123 3531">
     <span class='ocr_line' id='line_1_27' title="bbox 125 2323 1118 2424; baseline -0.013 -20"><span class='ocrx_word' id='word_1_163' title='bbox 125 2347 208 2416; x_wconf 78' lang='lat' dir='ltr'>trio,</span> <span class='ocrx_word' id='word_1_164' title='bbox 234 2347 267 2402; x_wconf 88' lang='lat' dir='ltr'>et</span> <span class='ocrx_word' id='word_1_165' title='bbox 288 2331 372 2424; x_wconf 90' lang='lat' dir='ltr'>quia</span> <span class='ocrx_word' id='word_1_166' title='bbox 397 2328 555 2397; x_wconf 83' lang='lat' dir='ltr'>indolem</span> <span class='ocrx_word' id='word_1_167' title='bbox 574 2341 610 2396; x_wconf 89' lang='lat' dir='ltr'>et</span> <span class='ocrx_word' id='word_1_168' title='bbox 627 2326 807 2416; x_wconf 77' lang='lat' dir='ltr'>ingenium</span> <span class='ocrx_word' id='word_1_169' title='bbox 826 2339 928 2394; x_wconf 89' lang='lat' dir='ltr'>tuum</span> <span class='ocrx_word' id='word_1_170' title='bbox 944 2324 987 2392; x_wconf 92' lang='lat' dir='ltr'>ad</span> <span class='ocrx_word' id='word_1_171' title='bbox 1005 2323 1118 2391; x_wconf 89' lang='lat' dir='ltr'>virtu-</span> 
     </span>
     <span class='ocr_line' id='line_1_28' title="bbox 98 2427 1119 2520; baseline -0.013 -15"><span class='ocrx_word' id='word_1_172' title='bbox 98 2485 100 2489; x_wconf 51' lang='lat'><em>2</em></span> <span class='ocrx_word' id='word_1_173' title='bbox 126 2451 198 2505; x_wconf 89' lang='lat' dir='ltr'>tem</span> <span class='ocrx_word' id='word_1_174' title='bbox 223 2446 348 2502; x_wconf 89' lang='lat' dir='ltr'>natura</span> <span class='ocrx_word' id='word_1_175' title='bbox 374 2432 562 2503; x_wconf 80' lang='lat' dir='ltr'>excitatum</span> <span class='ocrx_word' id='word_1_176' title='bbox 585 2430 714 2520; x_wconf 89' lang='lat' dir='ltr'>probo,</span> <span class='ocrx_word' id='word_1_177' title='bbox 748 2440 783 2497; x_wconf 91' lang='lat' dir='ltr'>et</span> <span class='ocrx_word' id='word_1_178' title='bbox 808 2427 892 2519; x_wconf 90' lang='lat' dir='ltr'>quia</span> <span class='ocrx_word' id='word_1_179' title='bbox 916 2437 951 2494; x_wconf 91' lang='lat' dir='ltr'>te</span> <span class='ocrx_word' id='word_1_180' title='bbox 974 2436 1119 2515; x_wconf 92' lang='lat' dir='ltr'>propter</span> 
     </span>
     <span class='ocr_line' id='line_1_29' title="bbox 88 2523 1119 2627; baseline -0.016 -20"><span class='ocrx_word' id='word_1_181' title='bbox 88 2530 93 2538; x_wconf 62' lang='grc'>’</span> <span class='ocrx_word' id='word_1_182' title='bbox 128 2536 343 2627; x_wconf 71' lang='lat' dir='ltr'>singularem</span> <span class='ocrx_word' id='word_1_183' title='bbox 376 2531 661 2603; x_wconf 84' lang='lat' dir='ltr'>benevolentiam</span> <span class='ocrx_word' id='word_1_184' title='bbox 690 2529 759 2599; x_wconf 87' lang='lat' dir='ltr'>viri</span> <span class='ocrx_word' id='word_1_185' title='bbox 787 2527 913 2618; x_wconf 89' lang='lat' dir='ltr'>optimi</span> <span class='ocrx_word' id='word_1_186' title='bbox 935 2525 1045 2618; x_wconf 89' lang='lat' dir='ltr'>patris</span> <span class='ocrx_word' id='word_1_187' title='bbox 1067 2523 1119 2594; x_wconf 91' lang='lat' dir='ltr'>tui</span> 
     </span>
     <span class='ocr_line' id='line_1_30' title="bbox 129 2628 1121 2728; baseline -0.013 -20"><span class='ocrx_word' id='word_1_188' title='bbox 129 2661 211 2728; x_wconf 87' lang='lat' dir='ltr'>erga</span> <span class='ocrx_word' id='word_1_189' title='bbox 235 2661 291 2705; x_wconf 89' lang='lat' dir='ltr'>me</span> <span class='ocrx_word' id='word_1_190' title='bbox 314 2634 498 2724; x_wconf 85' lang='lat' dir='ltr'>complecti</span> <span class='ocrx_word' id='word_1_191' title='bbox 515 2633 639 2702; x_wconf 91' lang='lat' dir='ltr'>debeo.</span> <span class='ocrx_word' id='word_1_192' title='bbox 691 2628 814 2722; x_wconf 92' lang='lat' dir='ltr'>ltaque</span> <span class='ocrx_word' id='word_1_193' title='bbox 828 2629 930 2698; x_wconf 90' lang='lat' dir='ltr'>valde</span> <span class='ocrx_word' id='word_1_194' title='bbox 952 2640 1055 2717; x_wconf 91' lang='lat' dir='ltr'>opto,</span> <span class='ocrx_word' id='word_1_195' title='bbox 1080 2640 1121 2695; x_wconf 92' lang='lat' dir='ltr'>ut</span> 
     </span>
     <span class='ocr_line' id='line_1_31' title="bbox 130 2729 1118 2822; baseline -0.015 -12"><span class='ocrx_word' id='word_1_196' title='bbox 130 2735 238 2810; x_wconf 90' lang='lat' dir='ltr'>huius</span> <span class='ocrx_word' id='word_1_197' title='bbox 277 2762 374 2806; x_wconf 89' lang='lat' dir='ltr'>meae</span> <span class='ocrx_word' id='word_1_198' title='bbox 416 2734 610 2806; x_wconf 91' lang='lat' dir='ltr'>voluntatis</span> <span class='ocrx_word' id='word_1_199' title='bbox 642 2731 932 2822; x_wconf 87' lang='lat' dir='ltr'>significationem</span> <span class='ocrx_word' id='word_1_200' title='bbox 965 2729 1118 2821; x_wconf 83' lang='lat' dir='ltr'>aliquam</span> 
     </span>
     <span class='ocr_line' id='line_1_32' title="bbox 131 2832 1121 2929; baseline -0.012 -19"><span class='ocrx_word' id='word_1_201' title='bbox 131 2842 317 2910; x_wconf 90' lang='lat' dir='ltr'>ostendere</span> <span class='ocrx_word' id='word_1_202' title='bbox 337 2838 402 2908; x_wconf 92' lang='lat' dir='ltr'>tibi</span> <span class='ocrx_word' id='word_1_203' title='bbox 417 2838 561 2929; x_wconf 90' lang='lat' dir='ltr'>possim.</span> <span class='ocrx_word' id='word_1_204' title='bbox 612 2832 652 2907; x_wconf 90' lang='lat' dir='ltr'>Si</span> <span class='ocrx_word' id='word_1_205' title='bbox 669 2858 735 2904; x_wconf 91' lang='lat' dir='ltr'>nos</span> <span class='ocrx_word' id='word_1_206' title='bbox 750 2834 856 2903; x_wconf 88' lang='lat' dir='ltr'>etiam</span> <span class='ocrx_word' id='word_1_207' title='bbox 871 2834 1014 2901; x_wconf 75' lang='lat' dir='ltr'>fortitus</span> <span class='ocrx_word' id='word_1_208' title='bbox 1035 2853 1121 2900; x_wconf 92' lang='lat' dir='ltr'>con-</span> 
     </span>
     <span class='ocr_line' id='line_1_33' title="bbox 130 2929 1121 3026; baseline -0.013 -13"><span class='ocrx_word' id='word_1_209' title='bbox 130 2941 303 3026; x_wconf 84' lang='lat' dir='ltr'>iunxerit,</span> <span class='ocrx_word' id='word_1_210' title='bbox 328 2940 475 3008; x_wconf 86' lang='lat' dir='ltr'>efficiam</span> <span class='ocrx_word' id='word_1_211' title='bbox 500 2929 639 3009; x_wconf 85' lang='lat' dir='ltr'>summo</span> <span class='ocrx_word' id='word_1_212' title='bbox 661 2935 796 3021; x_wconf 90' lang='lat' dir='ltr'>studio,</span> <span class='ocrx_word' id='word_1_213' title='bbox 828 2948 869 3004; x_wconf 92' lang='lat' dir='ltr'>ut</span> <span class='ocrx_word' id='word_1_214' title='bbox 890 2933 1066 3023; x_wconf 83' lang='lat' dir='ltr'>intelligas</span> <span class='ocrx_word' id='word_1_215' title='bbox 1087 2946 1121 3001; x_wconf 90' lang='lat' dir='ltr'>et</span> 
     </span>
     <span class='ocr_line' id='line_1_34' title="bbox 132 3035 1122 3129; baseline -0.014 -13"><span class='ocrx_word' id='word_1_216' title='bbox 132 3060 168 3116; x_wconf 95' lang='lat' dir='ltr'>te</span> <span class='ocrx_word' id='word_1_217' title='bbox 190 3041 281 3114; x_wconf 90' lang='lat' dir='ltr'>mihi</span> <span class='ocrx_word' id='word_1_218' title='bbox 305 3038 549 3112; x_wconf 90' lang='lat' dir='ltr'>charissimum</span> <span class='ocrx_word' id='word_1_219' title='bbox 573 3065 664 3125; x_wconf 89' lang='lat' dir='ltr'>esse,</span> <span class='ocrx_word' id='word_1_220' title='bbox 691 3052 724 3110; x_wconf 90' lang='lat' dir='ltr'>et</span> <span class='ocrx_word' id='word_1_221' title='bbox 746 3061 801 3107; x_wconf 91' lang='lat' dir='ltr'>me</span> <span class='ocrx_word' id='word_1_222' title='bbox 817 3062 882 3129; x_wconf 93' lang='lat' dir='ltr'>pro</span> <span class='ocrx_word' id='word_1_223' title='bbox 900 3035 1122 3104; x_wconf 82' lang='lat' dir='ltr'>virili&#39;cona-</span> 
     </span>
     <span class='ocr_line' id='line_1_35' title="bbox 132 3140 1122 3234; baseline -0.015 -16"><span class='ocrx_word' id='word_1_224' title='bbox 132 3162 253 3218; x_wconf 91' lang='lat' dir='ltr'>turum</span> <span class='ocrx_word' id='word_1_225' title='bbox 279 3142 388 3225; x_wconf 85' lang='lat' dir='ltr'>†ut&#39;&#39;</span> <span class='ocrx_word' id='word_1_226' title='bbox 409 3143 519 3212; x_wconf 91' lang='lat' dir='ltr'>animi</span> <span class='ocrx_word' id='word_1_227' title='bbox 544 3141 794 3234; x_wconf 79' lang='lat' dir='ltr'>gratitudinem</span> <span class='ocrx_word' id='word_1_228' title='bbox 819 3140 989 3230; x_wconf 89' lang='lat' dir='ltr'>patrituo</span> <span class='ocrx_word' id='word_1_229' title='bbox 1007 3140 1122 3205; x_wconf 89' lang='lat' dir='ltr'>deme</span> 
     </span>
     <span class='ocr_line' id='line_1_36' title="bbox 133 3234 1122 3342; baseline -0.013 -24"><span class='ocrx_word' id='word_1_230' title='bbox 133 3247 312 3342; x_wconf 89' lang='lat' dir='ltr'>praeclare</span> <span class='ocrx_word' id='word_1_231' title='bbox 324 3246 451 3315; x_wconf 89' lang='lat' dir='ltr'>merito</span> <span class='ocrx_word' id='word_1_232' title='bbox 468 3245 647 3315; x_wconf 89' lang='lat' dir='ltr'>declarare</span> <span class='ocrx_word' id='word_1_233' title='bbox 664 3237 861 3334; x_wconf 84' lang='lat' dir='ltr'>†possim&#39;&#39;.</span> <span class='ocrx_word' id='word_1_234' title='bbox 912 3234 1076 3308; x_wconf 91' lang='lat' dir='ltr'>Christus</span> <span class='ocrx_word' id='word_1_235' title='bbox 1090 3252 1122 3306; x_wconf 92' lang='lat' dir='ltr'>te</span> 
     </span>
     <span class='ocr_line' id='line_1_37' title="bbox 64 3338 1123 3446; baseline -0.015 -24"><span class='ocrx_word' id='word_1_236' title='bbox 64 3437 68 3446; x_wconf 27' lang='lat'><em>=</em></span> <span class='ocrx_word' id='word_1_237' title='bbox 135 3364 260 3430; x_wconf 88' lang='lat' dir='ltr'>servet,</span> <span class='ocrx_word' id='word_1_238' title='bbox 286 3363 321 3420; x_wconf 90' lang='lat' dir='ltr'>et</span> <span class='ocrx_word' id='word_1_239' title='bbox 335 3349 451 3419; x_wconf 89' lang='lat' dir='ltr'>studia</span> <span class='ocrx_word' id='word_1_240' title='bbox 467 3360 526 3417; x_wconf 90' lang='lat' dir='ltr'>tna</span> <span class='ocrx_word' id='word_1_241' title='bbox 543 3347 735 3437; x_wconf 88' lang='lat' dir='ltr'>gubernet,</span> <span class='ocrx_word' id='word_1_242' title='bbox 756 3345 803 3412; x_wconf 86' lang='lat' dir='ltr'>ad</span> <span class='ocrx_word' id='word_1_243' title='bbox 820 3355 917 3411; x_wconf 90' lang='lat' dir='ltr'>tuam</span> <span class='ocrx_word' id='word_1_244' title='bbox 937 3356 972 3411; x_wconf 95' lang='lat' dir='ltr'>et</span> <span class='ocrx_word' id='word_1_245' title='bbox 985 3338 1123 3431; x_wconf 88' lang='lat' dir='ltr'>Reipu-</span> 
     </span>
     <span class='ocr_line' id='line_1_38' title="bbox 135 3439 1123 3531; baseline -0.013 -10"><span class='ocrx_word' id='word_1_246' title='bbox 135 3452 250 3521; x_wconf 89' lang='lat' dir='ltr'>blicae</span> <span class='ocrx_word' id='word_1_247' title='bbox 271 3450 432 3520; x_wconf 89' lang='lat' dir='ltr'>salutem.</span> <span class='ocrx_word' id='word_1_248' title='bbox 486 3447 577 3519; x_wconf 85' lang='lat' dir='ltr'>Meis</span> <span class='ocrx_word' id='word_1_249' title='bbox 598 3447 716 3516; x_wconf 89' lang='lat' dir='ltr'>verbis</span> <span class='ocrx_word' id='word_1_250' title='bbox 739 3439 1020 3531; x_wconf 81' lang='lat' dir='ltr'>honestissimam</span> <span class='ocrx_word' id='word_1_251' title='bbox 1047 3466 1123 3509; x_wconf 92' lang='lat' dir='ltr'>ma-</span> 
     </span>
    </p>
   </div>
   <div class='ocr_carea' id='block_1_13' title="bbox 15 3542 1097 3625">
    <p class='ocr_par' dir='ltr' id='par_1_14' title="bbox 15 3542 1097 3625">
     <span class='ocr_line' id='line_1_39' title="bbox 15 3542 1097 3625; baseline -0.009 1"><span class='ocrx_word' id='word_1_252' title='bbox 15 3554 17 3558; x_wconf 66' lang='grc'><strong>’</strong></span> <span class='ocrx_word' id='word_1_253' title='bbox 136 3569 276 3625; x_wconf 87' lang='lat' dir='ltr'>trunam</span> <span class='ocrx_word' id='word_1_254' title='bbox 294 3566 442 3621; x_wconf 90' lang='lat' dir='ltr'>matrem</span> <span class='ocrx_word' id='word_1_255' title='bbox 456 3564 552 3621; x_wconf 89' lang='lat' dir='ltr'>tuam</span> <span class='ocrx_word' id='word_1_256' title='bbox 568 3562 770 3620; x_wconf 87' lang='lat' dir='ltr'>reverenter</span> <span class='ocrx_word' id='word_1_257' title='bbox 787 3546 949 3616; x_wconf 88' lang='lat' dir='ltr'>salutato.</span> <span class='ocrx_word' id='word_1_258' title='bbox 998 3542 1097 3617; x_wconf 89' lang='lat' dir='ltr'>Vale.</span> 
     </span>
    </p>
   </div>
   <div class='ocr_carea' id='block_1_14' title="bbox 965 3787 1114 3798">
    <p class='ocr_par' dir='ltr' id='par_1_15' title="bbox 965 3787 1114 3798">
     <span class='ocr_line' id='line_1_40' title="bbox 965 3787 1114 3798; baseline 0 0"><span class='ocrx_word' id='word_1_259' title='bbox 965 3787 1114 3798; x_wconf 64' lang='lat' dir='ltr'>--a—-u-</span> 
     </span>
    </p>
   </div>
   <div class='ocr_carea' id='block_1_15' title="bbox 124 3948 333 4033">
    <p class='ocr_par' dir='ltr' id='par_1_16' title="bbox 124 3948 333 4033">
     <span class='ocr_line' id='line_1_41' title="bbox 124 3948 333 4033; baseline 0.01 -2"><span class='ocrx_word' id='word_1_260' title='bbox 124 3948 203 4031; x_wconf 75' lang='lat' dir='ltr'>No.</span> <span class='ocrx_word' id='word_1_261' title='bbox 220 3956 333 4033; x_wconf 78' lang='lat'>7028.</span> 
     </span>
    </p>
   </div>
   <div class='ocr_carea' id='block_1_16' title="bbox 142 4054 314 4088">
    <p class='ocr_par' dir='ltr' id='par_1_17' title="bbox 142 4054 314 4088">
     <span class='ocr_line' id='line_1_42' title="bbox 142 4054 314 4088; baseline -0.023 0"><span class='ocrx_word' id='word_1_262' title='bbox 142 4054 314 4088; x_wconf 53' lang='lat' dir='ltr'><strong>w</strong></span> 
     </span>
    </p>
   </div>
   <div class='ocr_carea' id='block_1_17' title="bbox 998 4045 1118 4071">
    <p class='ocr_par' dir='ltr' id='par_1_18' title="bbox 998 4045 1118 4071">
     <span class='ocr_line' id='line_1_43' title="bbox 998 4045 1118 4071; baseline 0 0"><span class='ocrx_word' id='word_1_263' title='bbox 998 4045 1118 4071; x_wconf 59' lang='grc' dir='ltr'>Μ</span> 
     </span>
    </p>
   </div>
   <div class='ocr_carea' id='block_1_18' title="bbox 343 4147 919 4243">
    <p class='ocr_par' dir='ltr' id='par_1_19' title="bbox 343 4147 919 4243">
     <span class='ocr_line' id='line_1_44' title="bbox 343 4147 919 4243; baseline -0.016 0"><span class='ocrx_word' id='word_1_264' title='bbox 343 4152 661 4243; x_wconf 78' lang='lat' dir='ltr'>Rostocbionis</span> <span class='ocrx_word' id='word_1_265' title='bbox 676 4147 919 4239; x_wconf 57' lang='lat' dir='ltr'>Iuriscons.</span> 
     </span>
    </p>
   </div>
   <div class='ocr_carea' id='block_1_19' title="bbox 206 4308 1127 4456">
    <p class='ocr_par' dir='ltr' id='par_1_20' title="bbox 206 4308 1127 4456">
     <span class='ocr_line' id='line_1_45' title="bbox 206 4308 1127 4456; baseline -0.005 -85"><span class='ocrx_word' id='word_1_266' title='bbox 206 4314 423 4456; x_wconf 52' lang='lat' dir='ltr'>Mssuhfighm’s&#39;</span> <span class='ocrx_word' id='word_1_267' title='bbox 443 4332 471 4385; x_wconf 91' lang='lat' dir='ltr'>p.</span> <span class='ocrx_word' id='word_1_268' title='bbox 485 4308 575 4368; x_wconf 71' lang='lat' dir='ltr'>teob.</span> <span class='ocrx_word' id='word_1_269' title='bbox 610 4308 716 4384; x_wconf 68' lang='lat' dir='ltr'>hpogr.</span> <span class='ocrx_word' id='word_1_270' title='bbox 733 4311 762 4365; x_wconf 89' lang='lat' dir='ltr'>in</span> <span class='ocrx_word' id='word_1_271' title='bbox 776 4309 838 4367; x_wconf 83' lang='lat' dir='ltr'>cod.</span> <span class='ocrx_word' id='word_1_272' title='bbox 849 4309 931 4365; x_wconf 84' lang='lat' dir='ltr'>Mon.</span> <span class='ocrx_word' id='word_1_273' title='bbox 945 4309 989 4368; x_wconf 82' lang='lat'>89.</span> <span class='ocrx_word' id='word_1_274' title='bbox 1007 4308 1061 4365; x_wconf 80' lang='lat' dir='ltr'>No.</span> <span class='ocrx_word' id='word_1_275' title='bbox 1078 4310 1127 4366; x_wconf 82' lang='lat' dir='ltr'>vt.</span> 
     </span>
    </p>
   </div>
   <div class='ocr_carea' id='block_1_20' title="bbox 135 4496 1128 4740">
    <p class='ocr_par' dir='ltr' id='par_1_21' title="bbox 135 4496 1128 4740">
     <span class='ocr_line' id='line_1_46' title="bbox 135 4496 1128 4640; baseline -0.003 -28"><span class='ocrx_word' id='word_1_276' title='bbox 135 4496 200 4612; x_wconf 62' lang='lat' dir='ltr'>aid</span> <span class='ocrx_word' id='word_1_277' title='bbox 228 4536 412 4640; x_wconf 79' lang='lat' dir='ltr'>quendam</span> <span class='ocrx_word' id='word_1_278' title='bbox 436 4535 767 4624; x_wconf 87' lang='lat' dir='ltr'>Iurisconsultum,</span> <span class='ocrx_word' id='word_1_279' title='bbox 802 4531 1023 4609; x_wconf 80' lang='lat' dir='ltr'>Academiae</span> <span class='ocrx_word' id='word_1_280' title='bbox 1046 4532 1128 4609; x_wconf 87' lang='lat' dir='ltr'>Ro-</span> 
     </span>
     <span class='ocr_line' id='line_1_47' title="bbox 391 4637 875 4740; baseline -0.004 -27"><span class='ocrx_word' id='word_1_281' title='bbox 391 4637 607 4713; x_wconf 85' lang='lat' dir='ltr'>stochianae</span> <span class='ocrx_word' id='word_1_282' title='bbox 620 4641 875 4740; x_wconf 81' lang='lat' dir='ltr'>professorem.</span> 
     </span>
    </p>
   </div>
   <div class='ocr_carea' id='block_1_21' title="bbox 1161 1231 2196 3263">
    <p class='ocr_par' dir='ltr' id='par_1_22' title="bbox 1161 1231 2196 3263">
     <span class='ocr_line' id='line_1_48' title="bbox 1161 1231 2155 1327; baseline 0.006 -23"><span class='ocrx_word' id='word_1_283' title='bbox 1161 1245 1440 1327; x_wconf 84' lang='lat' dir='ltr'>propugnatores</span> <span class='ocrx_word' id='word_1_284' title='bbox 1462 1231 1552 1301; x_wconf 89' lang='lat' dir='ltr'>iuris</span> <span class='ocrx_word' id='word_1_285' title='bbox 1574 1233 1763 1323; x_wconf 82' lang='lat' dir='ltr'>pontificii,</span> <span class='ocrx_word' id='word_1_286' title='bbox 1789 1258 1895 1327; x_wconf 91' lang='lat' dir='ltr'>quam</span> <span class='ocrx_word' id='word_1_287' title='bbox 1922 1249 1963 1306; x_wconf 92' lang='lat' dir='ltr'>ut</span> <span class='ocrx_word' id='word_1_288' title='bbox 1976 1237 2155 1326; x_wconf 82' lang='lat' dir='ltr'>exagitent</span> 
     </span>
     <span class='ocr_line' id='line_1_49' title="bbox 1162 1330 2153 1423; baseline 0.006 -18"><span class='ocrx_word' id='word_1_289' title='bbox 1162 1337 1272 1423; x_wconf 74' lang='lat' dir='ltr'>istos.</span> <span class='ocrx_word' id='word_1_290' title='bbox 1310 1330 1414 1404; x_wconf 90' lang='lat' dir='ltr'>Talia</span> <span class='ocrx_word' id='word_1_291' title='bbox 1437 1357 1482 1403; x_wconf 92' lang='lat' dir='ltr'>ne</span> <span class='ocrx_word' id='word_1_292' title='bbox 1506 1334 1543 1402; x_wconf 93' lang='lat' dir='ltr'>in</span> <span class='ocrx_word' id='word_1_293' title='bbox 1564 1330 1631 1405; x_wconf 91' lang='lat' dir='ltr'>hoc</span> <span class='ocrx_word' id='word_1_294' title='bbox 1646 1337 1838 1405; x_wconf 86' lang='lat' dir='ltr'>certamine</span> <span class='ocrx_word' id='word_1_295' title='bbox 1854 1336 1960 1421; x_wconf 87' lang='lat' dir='ltr'>liant,</span> <span class='ocrx_word' id='word_1_296' title='bbox 1984 1336 2153 1411; x_wconf 81' lang='lat' dir='ltr'>illustria·</span> 
     </span>
     <span class='ocr_line' id='line_1_50' title="bbox 1162 1431 2168 1529; baseline 0.004 -21"><span class='ocrx_word' id='word_1_297' title='bbox 1162 1436 1246 1508; x_wconf 90' lang='lat' dir='ltr'>simi</span> <span class='ocrx_word' id='word_1_298' title='bbox 1257 1434 1434 1526; x_wconf 89' lang='lat' dir='ltr'>Principis</span> <span class='ocrx_word' id='word_1_299' title='bbox 1455 1436 1644 1509; x_wconf 84' lang='lat' dir='ltr'>autoritate</span> <span class='ocrx_word' id='word_1_300' title='bbox 1663 1431 1906 1529; x_wconf 81' lang='lat' dir='ltr'>prohibeatur.</span> <span class='ocrx_word' id='word_1_301' title='bbox 1956 1433 2036 1509; x_wconf 84' lang='lat' dir='ltr'>Etsi</span> <span class='ocrx_word' id='word_1_302' title='bbox 2051 1456 2168 1512; x_wconf 80' lang='lat' dir='ltr'>occa·‘</span> 
     </span>
     <span class='ocr_line' id='line_1_51' title="bbox 1163 1534 2152 1633; baseline 0.005 -24"><span class='ocrx_word' id='word_1_303' title='bbox 1163 1540 1299 1610; x_wconf 90' lang='lat' dir='ltr'>sionem</span> <span class='ocrx_word' id='word_1_304' title='bbox 1315 1536 1471 1608; x_wconf 88' lang='lat' dir='ltr'>dissidiis</span> <span class='ocrx_word' id='word_1_305' title='bbox 1485 1539 1630 1630; x_wconf 86' lang='lat' dir='ltr'>praebet</span> <span class='ocrx_word' id='word_1_306' title='bbox 1645 1534 1731 1610; x_wconf 90' lang='lat' dir='ltr'>haec</span> <span class='ocrx_word' id='word_1_307' title='bbox 1745 1538 1903 1633; x_wconf 89' lang='lat' dir='ltr'>quaestio</span> <span class='ocrx_word' id='word_1_308' title='bbox 1919 1540 1963 1609; x_wconf 90' lang='lat' dir='ltr'>de</span> <span class='ocrx_word' id='word_1_309' title='bbox 1976 1565 2152 1614; x_wconf 87' lang='lat' dir='ltr'>consensu</span> 
     </span>
     <span class='ocr_line' id='line_1_52' title="bbox 1165 1641 2154 1734; baseline 0.004 -23"><span class='ocrx_word' id='word_1_310' title='bbox 1165 1653 1367 1734; x_wconf 88' lang='lat' dir='ltr'>parentum:</span> <span class='ocrx_word' id='word_1_311' title='bbox 1405 1653 1524 1709; x_wconf 90' lang='lat' dir='ltr'>tamen</span> <span class='ocrx_word' id='word_1_312' title='bbox 1558 1641 1739 1733; x_wconf 88' lang='lat' dir='ltr'>prodesset</span> <span class='ocrx_word' id='word_1_313' title='bbox 1763 1643 2041 1731; x_wconf 89' lang='lat' dir='ltr'>gubernatorum</span> <span class='ocrx_word' id='word_1_314' title='bbox 2068 1650 2154 1715; x_wconf 85' lang='lat' dir='ltr'>cou-</span> 
     </span>
     <span class='ocr_line' id='line_1_53' title="bbox 1164 1741 2156 1828; baseline 0.005 -14"><span class='ocrx_word' id='word_1_315' title='bbox 1164 1744 1245 1814; x_wconf 90' lang='lat' dir='ltr'>silio</span> <span class='ocrx_word' id='word_1_316' title='bbox 1273 1755 1308 1813; x_wconf 87' lang='lat' dir='ltr'>et</span> <span class='ocrx_word' id='word_1_317' title='bbox 1334 1741 1524 1813; x_wconf 85' lang='lat' dir='ltr'>autoritate</span> <span class='ocrx_word' id='word_1_318' title='bbox 1551 1756 1646 1812; x_wconf 91' lang='lat' dir='ltr'>certo</span> <span class='ocrx_word' id='word_1_319' title='bbox 1674 1742 1862 1828; x_wconf 88' lang='lat' dir='ltr'>constitui,</span> <span class='ocrx_word' id='word_1_320' title='bbox 1896 1757 1937 1814; x_wconf 90' lang='lat' dir='ltr'>ut</span> <span class='ocrx_word' id='word_1_321' title='bbox 1958 1743 2060 1815; x_wconf 90' lang='lat' dir='ltr'>irrita</span> <span class='ocrx_word' id='word_1_322' title='bbox 2084 1747 2156 1819; x_wconf 88' lang='lat' dir='ltr'>sint</span> 
     </span>
     <span class='ocr_line' id='line_1_54' title="bbox 1164 1838 2156 1938; baseline 0.005 -23"><span class='ocrx_word' id='word_1_323' title='bbox 1164 1844 1339 1936; x_wconf 91' lang='lat' dir='ltr'>sponsalia</span> <span class='ocrx_word' id='word_1_324' title='bbox 1366 1867 1490 1914; x_wconf 88' lang='lat' dir='ltr'>eorum</span> <span class='ocrx_word' id='word_1_325' title='bbox 1523 1844 1585 1938; x_wconf 91' lang='lat' dir='ltr'>qui</span> <span class='ocrx_word' id='word_1_326' title='bbox 1611 1838 1728 1914; x_wconf 91' lang='lat' dir='ltr'>adhuc</span> <span class='ocrx_word' id='word_1_327' title='bbox 1754 1859 1941 1936; x_wconf 89' lang='lat' dir='ltr'>parentum</span> <span class='ocrx_word' id='word_1_328' title='bbox 1967 1847 2156 1920; x_wconf 82' lang='lat' dir='ltr'>autoritate</span> 
     </span>
     <span class='ocr_line' id='line_1_55' title="bbox 1165 1943 2157 2037; baseline 0.004 -20"><span class='ocrx_word' id='word_1_329' title='bbox 1165 1959 1357 2037; x_wconf 86' lang='lat' dir='ltr'>reguntur,</span> <span class='ocrx_word' id='word_1_330' title='bbox 1379 1946 1470 2014; x_wconf 84' lang='lat' dir='ltr'>facta</span> <span class='ocrx_word' id='word_1_331' title='bbox 1485 1943 1561 2015; x_wconf 91' lang='lat' dir='ltr'>sine</span> <span class='ocrx_word' id='word_1_332' title='bbox 1576 1969 1750 2015; x_wconf 89' lang='lat' dir='ltr'>consensu</span> <span class='ocrx_word' id='word_1_333' title='bbox 1767 1959 1970 2037; x_wconf 87' lang='lat' dir='ltr'>parentum:</span> <span class='ocrx_word' id='word_1_334' title='bbox 1992 1950 2086 2019; x_wconf 90' lang='lat' dir='ltr'>utin</span> <span class='ocrx_word' id='word_1_335' title='bbox 2100 1945 2157 2022; x_wconf 90' lang='lat' dir='ltr'>his</span> 
     </span>
     <span class='ocr_line' id='line_1_56' title="bbox 1167 2044 2156 2139; baseline 0.001 -20"><span class='ocrx_word' id='word_1_336' title='bbox 1167 2049 1372 2138; x_wconf 89' lang='lat' dir='ltr'>regionibus</span> <span class='ocrx_word' id='word_1_337' title='bbox 1388 2068 1511 2118; x_wconf 89' lang='lat' dir='ltr'>omnes</span> <span class='ocrx_word' id='word_1_338' title='bbox 1523 2044 1702 2117; x_wconf 86' lang='lat' dir='ltr'>Ecclesiae</span> <span class='ocrx_word' id='word_1_339' title='bbox 1717 2063 1750 2118; x_wconf 90' lang='lat' dir='ltr'>et</span> <span class='ocrx_word' id='word_1_340' title='bbox 1766 2048 1974 2120; x_wconf 83' lang='lat' dir='ltr'>consistoria</span> <span class='ocrx_word' id='word_1_341' title='bbox 1992 2072 2156 2139; x_wconf 90' lang='lat' dir='ltr'>pronun·</span> 
     </span>
     <span class='ocr_line' id='line_1_57' title="bbox 1167 2147 2157 2234; baseline 0.004 -14"><span class='ocrx_word' id='word_1_342' title='bbox 1167 2152 1272 2225; x_wconf 80' lang='lat' dir='ltr'>ciant.</span> <span class='ocrx_word' id='word_1_343' title='bbox 1297 2147 1401 2219; x_wconf 91' lang='lat' dir='ltr'>Hanc</span> <span class='ocrx_word' id='word_1_344' title='bbox 1415 2149 1624 2218; x_wconf 89' lang='lat' dir='ltr'>sententiam</span> <span class='ocrx_word' id='word_1_345' title='bbox 1639 2151 1668 2219; x_wconf 88' lang='lat' dir='ltr'>si</span> <span class='ocrx_word' id='word_1_346' title='bbox 1682 2152 1804 2219; x_wconf 89' lang='lat' dir='ltr'>ambae</span> <span class='ocrx_word' id='word_1_347' title='bbox 1817 2148 2012 2234; x_wconf 81' lang='lat' dir='ltr'>facultates,</span> <span class='ocrx_word' id='word_1_348' title='bbox 2033 2147 2157 2224; x_wconf 89' lang='lat' dir='ltr'>Theo-</span> 
     </span>
     <span class='ocr_line' id='line_1_58' title="bbox 1167 2249 2157 2343; baseline 0.004 -21"><span class='ocrx_word' id='word_1_349' title='bbox 1167 2253 1239 2343; x_wconf 89' lang='lat' dir='ltr'>logi</span> <span class='ocrx_word' id='word_1_350' title='bbox 1265 2264 1299 2321; x_wconf 91' lang='lat' dir='ltr'>et</span> <span class='ocrx_word' id='word_1_351' title='bbox 1316 2249 1582 2336; x_wconf 86' lang='lat' dir='ltr'>Iurisconsulti,</span> <span class='ocrx_word' id='word_1_352' title='bbox 1610 2252 1920 2342; x_wconf 87' lang='lat' dir='ltr'>amplecterentur:</span> <span class='ocrx_word' id='word_1_353' title='bbox 1948 2275 2022 2320; x_wconf 92' lang='lat' dir='ltr'>non</span> <span class='ocrx_word' id='word_1_354' title='bbox 2038 2255 2157 2326; x_wconf 87' lang='lat' dir='ltr'>solum</span> 
     </span>
     <span class='ocr_line' id='line_1_59' title="bbox 1168 2347 2157 2444; baseline 0.004 -20"><span class='ocrx_word' id='word_1_355' title='bbox 1168 2357 1263 2425; x_wconf 90' lang='lat' dir='ltr'>inter</span> <span class='ocrx_word' id='word_1_356' title='bbox 1276 2355 1370 2444; x_wconf 91' lang='lat' dir='ltr'>ipsos</span> <span class='ocrx_word' id='word_1_357' title='bbox 1388 2347 1511 2421; x_wconf 82' lang='lat' dir='ltr'>harde</span> <span class='ocrx_word' id='word_1_358' title='bbox 1528 2376 1566 2422; x_wconf 92' lang='lat' dir='ltr'>re</span> <span class='ocrx_word' id='word_1_359' title='bbox 1583 2367 1759 2422; x_wconf 89' lang='lat' dir='ltr'>certamen</span> <span class='ocrx_word' id='word_1_360' title='bbox 1774 2353 1951 2423; x_wconf 90' lang='lat' dir='ltr'>sublatum</span> <span class='ocrx_word' id='word_1_361' title='bbox 1969 2368 2071 2440; x_wconf 83' lang='lat' dir='ltr'>esset,</span> <span class='ocrx_word' id='word_1_362' title='bbox 2097 2360 2157 2428; x_wconf 87' lang='lat' dir='ltr'>sed</span> 
     </span>
     <span class='ocr_line' id='line_1_60' title="bbox 1169 2453 2157 2546; baseline 0.005 -21"><span class='ocrx_word' id='word_1_363' title='bbox 1169 2459 1272 2526; x_wconf 90' lang='lat' dir='ltr'>etiam</span> <span class='ocrx_word' id='word_1_364' title='bbox 1297 2457 1333 2523; x_wconf 91' lang='lat' dir='ltr'>in</span> <span class='ocrx_word' id='word_1_365' title='bbox 1355 2457 1434 2524; x_wconf 87' lang='lat' dir='ltr'>foro</span> <span class='ocrx_word' id='word_1_366' title='bbox 1456 2453 1574 2524; x_wconf 91' lang='lat' dir='ltr'>minus</span> <span class='ocrx_word' id='word_1_367' title='bbox 1595 2455 1714 2526; x_wconf 90' lang='lat' dir='ltr'>litium</span> <span class='ocrx_word' id='word_1_368' title='bbox 1737 2468 1826 2525; x_wconf 90' lang='lat' dir='ltr'>esset</span> <span class='ocrx_word' id='word_1_369' title='bbox 1849 2457 1892 2524; x_wconf 91' lang='lat' dir='ltr'>de</span> <span class='ocrx_word' id='word_1_370' title='bbox 1918 2458 2157 2546; x_wconf 84' lang='lat' dir='ltr'>sponsalibus.</span> 
     </span>
     <span class='ocr_line' id='line_1_61' title="bbox 1169 2548 2156 2650; baseline 0.003 -21"><span class='ocrx_word' id='word_1_371' title='bbox 1169 2557 1238 2629; x_wconf 89' lang='lat' dir='ltr'>Sed</span> <span class='ocrx_word' id='word_1_372' title='bbox 1272 2557 1301 2625; x_wconf 91' lang='lat' dir='ltr'>si</span> <span class='ocrx_word' id='word_1_373' title='bbox 1330 2550 1558 2646; x_wconf 87' lang='lat' dir='ltr'>reprehendit</span> <span class='ocrx_word' id='word_1_374' title='bbox 1584 2551 1719 2627; x_wconf 90' lang='lat' dir='ltr'>Doctor</span> <span class='ocrx_word' id='word_1_375' title='bbox 1734 2552 1763 2650; x_wconf 86' lang='lat'>²)</span> <span class='ocrx_word' id='word_1_376' title='bbox 1806 2556 1990 2649; x_wconf 90' lang='lat' dir='ltr'>politicum</span> <span class='ocrx_word' id='word_1_377' title='bbox 2018 2548 2156 2631; x_wconf 83' lang='lat' dir='ltr'>morem</span> 
     </span>
     <span class='ocr_line' id='line_1_62' title="bbox 1169 2654 2159 2748; baseline 0.005 -20"><span class='ocrx_word' id='word_1_378' title='bbox 1169 2656 1453 2748; x_wconf 81' lang='lat' dir='ltr'>legitimationis,</span> <span class='ocrx_word' id='word_1_379' title='bbox 1487 2682 1560 2726; x_wconf 92' lang='lat' dir='ltr'>non</span> <span class='ocrx_word' id='word_1_380' title='bbox 1588 2672 1681 2728; x_wconf 90' lang='lat' dir='ltr'>recte</span> <span class='ocrx_word' id='word_1_381' title='bbox 1702 2659 1820 2730; x_wconf 90' lang='lat' dir='ltr'>sentit.</span> <span class='ocrx_word' id='word_1_382' title='bbox 1872 2656 1961 2728; x_wconf 89' lang='lat' dir='ltr'>Nam</span> <span class='ocrx_word' id='word_1_383' title='bbox 1988 2654 2075 2731; x_wconf 91' lang='lat' dir='ltr'>haec</span> <span class='ocrx_word' id='word_1_384' title='bbox 2099 2688 2159 2733; x_wconf 87' lang='lat' dir='ltr'>ex-</span> 
     </span>
     <span class='ocr_line' id='line_1_63' title="bbox 1170 2755 2162 2857; baseline 0.006 -28"><span class='ocrx_word' id='word_1_385' title='bbox 1170 2761 1331 2854; x_wconf 87' lang='lat' dir='ltr'>aequatio</span> <span class='ocrx_word' id='word_1_386' title='bbox 1349 2755 1540 2828; x_wconf 86' lang='lat' dir='ltr'>haeredum</span> <span class='ocrx_word' id='word_1_387' title='bbox 1557 2761 1723 2850; x_wconf 85' lang='lat' dir='ltr'>permissa</span> <span class='ocrx_word' id='word_1_388' title='bbox 1736 2773 1786 2830; x_wconf 90' lang='lat' dir='ltr'>est</span> <span class='ocrx_word' id='word_1_389' title='bbox 1803 2756 2045 2852; x_wconf 86' lang='lat' dir='ltr'>potestatibus,</span> <span class='ocrx_word' id='word_1_390' title='bbox 2070 2790 2162 2857; x_wconf 88' lang='lat' dir='ltr'>quae</span> 
     </span>
     <span class='ocr_line' id='line_1_64' title="bbox 1171 2858 2161 2954; baseline 0.008 -23"><span class='ocrx_word' id='word_1_391' title='bbox 1171 2858 1262 2932; x_wconf 90' lang='lat' dir='ltr'>hanc</span> <span class='ocrx_word' id='word_1_392' title='bbox 1288 2861 1511 2932; x_wconf 89' lang='lat' dir='ltr'>clementiam</span> <span class='ocrx_word' id='word_1_393' title='bbox 1538 2862 1698 2932; x_wconf 86' lang='lat' dir='ltr'>iudicant</span> <span class='ocrx_word' id='word_1_394' title='bbox 1729 2863 1920 2932; x_wconf 90' lang='lat' dir='ltr'>convenire</span> <span class='ocrx_word' id='word_1_395' title='bbox 1952 2878 2098 2954; x_wconf 89' lang='lat' dir='ltr'>paterno</span> <span class='ocrx_word' id='word_1_396' title='bbox 2125 2883 2161 2940; x_wconf 88' lang='lat' dir='ltr'>et</span> 
     </span>
     <span class='ocr_line' id='line_1_65' title="bbox 1170 2962 2163 3048; baseline 0.005 -15"><span class='ocrx_word' id='word_1_397' title='bbox 1170 2979 1330 3035; x_wconf 87' lang='lat' dir='ltr'>materno</span> <span class='ocrx_word' id='word_1_398' title='bbox 1363 2962 1523 3048; x_wconf 84' lang='lat' dir='ltr'>affectui,</span> <span class='ocrx_word' id='word_1_399' title='bbox 1561 2977 1596 3033; x_wconf 89' lang='lat' dir='ltr'>et</span> <span class='ocrx_word' id='word_1_400' title='bbox 1629 2964 1758 3033; x_wconf 88' lang='lat' dir='ltr'>invitat</span> <span class='ocrx_word' id='word_1_401' title='bbox 1789 2965 1876 3035; x_wconf 90' lang='lat' dir='ltr'>tales</span> <span class='ocrx_word' id='word_1_402' title='bbox 1903 2966 1945 3033; x_wconf 91' lang='lat' dir='ltr'>ad</span> <span class='ocrx_word' id='word_1_403' title='bbox 1975 2966 2163 3038; x_wconf 89' lang='lat' dir='ltr'>vinculum</span> 
     </span>
     <span class='ocr_line' id='line_1_66' title="bbox 1171 3064 2196 3156; baseline 0.006 -21"><span class='ocrx_word' id='word_1_404' title='bbox 1171 3068 1338 3156; x_wconf 87' lang='lat' dir='ltr'>coniugii,</span> <span class='ocrx_word' id='word_1_405' title='bbox 1361 3080 1396 3135; x_wconf 89' lang='lat' dir='ltr'>et</span> <span class='ocrx_word' id='word_1_406' title='bbox 1410 3065 1534 3134; x_wconf 80' lang='lat' dir='ltr'>iratres</span> <span class='ocrx_word' id='word_1_407' title='bbox 1548 3064 1641 3134; x_wconf 91' lang='lat' dir='ltr'>inter</span> <span class='ocrx_word' id='word_1_408' title='bbox 1654 3090 1691 3135; x_wconf 91' lang='lat' dir='ltr'>se</span> <span class='ocrx_word' id='word_1_409' title='bbox 1707 3067 1901 3156; x_wconf 88' lang='lat' dir='ltr'>coniungit.</span> <span class='ocrx_word' id='word_1_410' title='bbox 1927 3064 2023 3135; x_wconf 90' lang='lat' dir='ltr'>Haec</span> <span class='ocrx_word' id='word_1_411' title='bbox 2038 3074 2164 3142; x_wconf 89' lang='lat' dir='ltr'>omnia</span> <span class='ocrx_word' id='word_1_412' title='bbox 2191 3076 2196 3097; x_wconf 70' lang='lat'>⁸</span> 
     </span>
     <span class='ocr_line' id='line_1_67' title="bbox 1171 3162 2177 3263; baseline -0.001 -25"><span class='ocrx_word' id='word_1_413' title='bbox 1171 3182 1254 3239; x_wconf 93' lang='lat' dir='ltr'>sunt</span> <span class='ocrx_word' id='word_1_414' title='bbox 1270 3167 1434 3260; x_wconf 91' lang='lat' dir='ltr'>politica,</span> <span class='ocrx_word' id='word_1_415' title='bbox 1461 3192 1525 3237; x_wconf 92' lang='lat' dir='ltr'>nec</span> <span class='ocrx_word' id='word_1_416' title='bbox 1541 3176 1624 3237; x_wconf 91' lang='lat' dir='ltr'>subt</span> <span class='ocrx_word' id='word_1_417' title='bbox 1639 3168 1745 3256; x_wconf 88' lang='lat' dir='ltr'>digna</span> <span class='ocrx_word' id='word_1_418' title='bbox 1761 3162 2045 3263; x_wconf 80' lang='lat' dir='ltr'>reprehensione.</span> <span class='ocrx_word' id='word_1_419' title='bbox 2171 3162 2177 3171; x_wconf 56' lang='lat'>¹</span> 
     </span>
    </p>
   </div>
   <div class='ocr_carea' id='block_1_22' title="bbox 1185 3391 1299 3402">
    <p class='ocr_par' dir='ltr' id='par_1_23' title="bbox 1185 3391 1299 3402">
     <span class='ocr_line' id='line_1_68' title="bbox 1185 3391 1299 3402; baseline -0.009 0"><span class='ocrx_word' id='word_1_420' title='bbox 1185 3391 1299 3402; x_wconf 59' lang='lat' dir='ltr'>nnn-m</span> 
     </span>
    </p>
   </div>
   <div class='ocr_carea' id='block_1_23' title="bbox 1174 3504 1431 3610">
    <p class='ocr_par' dir='ltr' id='par_1_24' title="bbox 1174 3504 1431 3610">
     <span class='ocr_line' id='line_1_69' title="bbox 1174 3504 1431 3610; baseline -0.016 -2"><span class='ocrx_word' id='word_1_421' title='bbox 1174 3536 1241 3610; x_wconf 79' lang='lat' dir='ltr'>No.</span> <span class='ocrx_word' id='word_1_422' title='bbox 1258 3537 1370 3606; x_wconf 76' lang='lat' dir='ltr'>roes.</span> <span class='ocrx_word' id='word_1_423' title='bbox 1402 3504 1431 3529; x_wconf 68' lang='lat'>*&#39;</span> 
     </span>
    </p>
   </div>
   <div class='ocr_carea' id='block_1_24' title="bbox 1275 3720 1840 3954">
    <p class='ocr_par' dir='ltr' id='par_1_25' title="bbox 1275 3720 1840 3954">
     <span class='ocr_line' id='line_1_70' title="bbox 1497 3720 1840 3835; baseline -0.003 -26"><span class='ocrx_word' id='word_1_424' title='bbox 1497 3720 1656 3835; x_wconf 81' lang='lat' dir='ltr'>Steple.</span> <span class='ocrx_word' id='word_1_425' title='bbox 1679 3722 1840 3810; x_wconf 78' lang='lat' dir='ltr'>Retio.</span> 
     </span>
     <span class='ocr_line' id='line_1_71' title="bbox 1275 3879 1661 3954; baseline 0.01 -20"><span class='ocrx_word' id='word_1_426' title='bbox 1275 3879 1661 3954; x_wconf 56' lang='lat' dir='ltr'>mmumpmm</span> 
     </span>
    </p>
   </div>
   <div class='ocr_carea' id='block_1_25' title="bbox 1986 3544 2155 3630">
    <p class='ocr_par' dir='ltr' id='par_1_26' title="bbox 1986 3544 2155 3630">
     <span class='ocr_line' id='line_1_72' title="bbox 1986 3544 2155 3630; baseline 0.03 -24"><span class='ocrx_word' id='word_1_427' title='bbox 1986 3568 2049 3607; x_wconf 89' lang='lat' dir='ltr'>non</span> <span class='ocrx_word' id='word_1_428' title='bbox 2066 3544 2155 3630; x_wconf 86' lang='lat' dir='ltr'>Sept.</span> 
     </span>
    </p>
   </div>
   <div class='ocr_carea' id='block_1_26' title="bbox 1986 3637 2160 3665">
    <p class='ocr_par' dir='ltr' id='par_1_27' title="bbox 1986 3637 2160 3665">
     <span class='ocr_line' id='line_1_73' title="bbox 1986 3637 2160 3665; baseline 0.006 -1"><span class='ocrx_word' id='word_1_429' title='bbox 1986 3637 2160 3665; x_wconf 55' lang='lat' dir='ltr'>m</span> 
     </span>
    </p>
   </div>
   <div class='ocr_carea' id='block_1_27' title="bbox 1178 4022 2167 4241">
    <p class='ocr_par' dir='ltr' id='par_1_28' title="bbox 1178 4022 2167 4241">
     <span class='ocr_line' id='line_1_74' title="bbox 1178 4022 2167 4126; baseline 0.007 -17"><span class='ocrx_word' id='word_1_430' title='bbox 1178 4027 1284 4113; x_wconf 82' lang='lat' dir='ltr'>Clor.</span> <span class='ocrx_word' id='word_1_431' title='bbox 1304 4032 1419 4121; x_wconf 87' lang='lat' dir='ltr'>Viro,</span> <span class='ocrx_word' id='word_1_432' title='bbox 1446 4022 1735 4111; x_wconf 82' lang='lat' dir='ltr'>Sebastiano</span> <span class='ocrx_word' id='word_1_433' title='bbox 1759 4032 1870 4126; x_wconf 87' lang='lat' dir='ltr'>Rot,</span> <span class='ocrx_word' id='word_1_434' title='bbox 1896 4036 2167 4117; x_wconf 85' lang='lat' dir='ltr'>Doctoriurlis</span> 
     </span>
     <span class='ocr_line' id='line_1_75' title="bbox 1461 4137 1883 4241; baseline 0.019 -32"><span class='ocrx_word' id='word_1_435' title='bbox 1461 4137 1654 4237; x_wconf 81' lang='lat' dir='ltr'>Medione,</span> <span class='ocrx_word' id='word_1_436' title='bbox 1681 4138 1883 4241; x_wconf 78' lang='grc' dir='ltr'><em>ἀρχιάτρῳ.</em></span> 
     </span>
    </p>
   </div>
   <div class='ocr_carea' id='block_1_28' title="bbox 1178 4276 2172 4796">
    <p class='ocr_par' dir='ltr' id='par_1_29' title="bbox 1178 4276 2172 4796">
     <span class='ocr_line' id='line_1_76' title="bbox 1178 4276 2170 4385; baseline 0.006 -23"><span class='ocrx_word' id='word_1_437' title='bbox 1178 4276 1229 4362; x_wconf 80' lang='lat' dir='ltr'>S.</span> <span class='ocrx_word' id='word_1_438' title='bbox 1255 4287 1300 4364; x_wconf 90' lang='lat' dir='ltr'>D.</span> <span class='ocrx_word' id='word_1_439' title='bbox 1351 4287 1553 4362; x_wconf 89' lang='lat' dir='ltr'>Clarissime</span> <span class='ocrx_word' id='word_1_440' title='bbox 1571 4291 1648 4367; x_wconf 90' lang='lat' dir='ltr'>Vir.</span> <span class='ocrx_word' id='word_1_441' title='bbox 1689 4292 1848 4385; x_wconf 84' lang='lat' dir='ltr'>Rogatus</span> <span class='ocrx_word' id='word_1_442' title='bbox 1872 4319 1967 4385; x_wconf 84' lang='lat' dir='ltr'>sum,</span> <span class='ocrx_word' id='word_1_443' title='bbox 1992 4309 2031 4366; x_wconf 94' lang='lat' dir='ltr'>ut</span> <span class='ocrx_word' id='word_1_444' title='bbox 2049 4298 2095 4383; x_wconf 83' lang='lat' dir='ltr'>de</span> <span class='ocrx_word' id='word_1_445' title='bbox 2110 4320 2170 4368; x_wconf 88' lang='lat' dir='ltr'>ae·</span> 
     </span>
     <span class='ocr_line' id='line_1_77' title="bbox 1178 4393 2166 4487; baseline 0.01 -27"><span class='ocrx_word' id='word_1_446' title='bbox 1178 4393 1270 4482; x_wconf 85' lang='lat' dir='ltr'>groti</span> <span class='ocrx_word' id='word_1_447' title='bbox 1300 4395 1532 4465; x_wconf 89' lang='lat' dir='ltr'>adolescentis</span> <span class='ocrx_word' id='word_1_448' title='bbox 1568 4397 1785 4487; x_wconf 85' lang='lat' dir='ltr'>inspectione</span> <span class='ocrx_word' id='word_1_449' title='bbox 1818 4401 1861 4467; x_wconf 93' lang='lat' dir='ltr'>ad</span> <span class='ocrx_word' id='word_1_450' title='bbox 1895 4411 1929 4468; x_wconf 92' lang='lat' dir='ltr'>te</span> <span class='ocrx_word' id='word_1_451' title='bbox 1963 4399 2166 4470; x_wconf 88' lang='lat' dir='ltr'>scriberem.</span> 
     </span>
     <span class='ocr_line' id='line_1_78' title="bbox 1180 4494 2169 4588; baseline 0.008 -25"><span class='ocrx_word' id='word_1_452' title='bbox 1180 4494 1287 4583; x_wconf 80' lang='lat' dir='ltr'>Quod</span> <span class='ocrx_word' id='word_1_453' title='bbox 1312 4496 1377 4566; x_wconf 90' lang='lat' dir='ltr'>etsi</span> <span class='ocrx_word' id='word_1_454' title='bbox 1397 4497 1496 4566; x_wconf 89' lang='lat' dir='ltr'>triste</span> <span class='ocrx_word' id='word_1_455' title='bbox 1518 4498 1755 4588; x_wconf 89' lang='lat' dir='ltr'>spectaculum</span> <span class='ocrx_word' id='word_1_456' title='bbox 1778 4513 1845 4584; x_wconf 89' lang='lat' dir='ltr'>est,</span> <span class='ocrx_word' id='word_1_457' title='bbox 1872 4512 2087 4570; x_wconf 90' lang='lat' dir='ltr'>tamencum</span> <span class='ocrx_word' id='word_1_458' title='bbox 2103 4508 2169 4572; x_wconf 85' lang='lat' dir='ltr'>nos</span> 
     </span>
     <span class='ocr_line' id='line_1_79' title="bbox 1179 4599 2171 4692; baseline 0.007 -26"><span class='ocrx_word' id='word_1_459' title='bbox 1179 4618 1301 4666; x_wconf 92' lang='lat' dir='ltr'>omnes</span> <span class='ocrx_word' id='word_1_460' title='bbox 1323 4599 1454 4692; x_wconf 88' lang='lat' dir='ltr'>quibus</span> <span class='ocrx_word' id='word_1_461' title='bbox 1474 4613 1564 4670; x_wconf 88' lang='lat' dir='ltr'>artes</span> <span class='ocrx_word' id='word_1_462' title='bbox 1587 4605 1758 4691; x_wconf 88' lang='lat' dir='ltr'>regendae</span> <span class='ocrx_word' id='word_1_463' title='bbox 1771 4602 1829 4670; x_wconf 88' lang='lat' dir='ltr'>vel</span> <span class='ocrx_word' id='word_1_464' title='bbox 1847 4603 2098 4685; x_wconf 89' lang='lat' dir='ltr'>custodiendae</span> <span class='ocrx_word' id='word_1_465' title='bbox 2116 4603 2171 4672; x_wconf 82' lang='lat' dir='ltr'>vi·</span> 
     </span>
     <span class='ocr_line' id='line_1_80' title="bbox 1179 4704 2172 4796; baseline 0.005 -27"><span class='ocrx_word' id='word_1_466' title='bbox 1179 4713 1252 4785; x_wconf 89' lang='lat' dir='ltr'>tae,</span> <span class='ocrx_word' id='word_1_467' title='bbox 1279 4704 1543 4773; x_wconf 90' lang='lat' dir='ltr'>commendatae</span> <span class='ocrx_word' id='word_1_468' title='bbox 1560 4720 1661 4784; x_wconf 88' lang='lat' dir='ltr'>sunt,</span> <span class='ocrx_word' id='word_1_469' title='bbox 1690 4707 1859 4796; x_wconf 83' lang='lat' dir='ltr'>professio</span> <span class='ocrx_word' id='word_1_470' title='bbox 1877 4705 1950 4794; x_wconf 88' lang='lat' dir='ltr'>ipsa</span> <span class='ocrx_word' id='word_1_471' title='bbox 1967 4705 2096 4775; x_wconf 90' lang='lat' dir='ltr'>multas</span> <span class='ocrx_word' id='word_1_472' title='bbox 2112 4705 2172 4774; x_wconf 90' lang='lat' dir='ltr'>in·</span> 
     </span>
    </p>
   </div>
   <div class='ocr_carea' id='block_1_29' title="bbox 134 4778 2171 5000">
    <p class='ocr_par' dir='ltr' id='par_1_30' title="bbox 134 4778 2171 5000">
     <span class='ocr_line' id='line_1_81' title="bbox 134 4778 2168 4898; baseline 0.005 -32"><span class='ocrx_word' id='word_1_473' title='bbox 134 4778 187 4867; x_wconf 74' lang='lat' dir='ltr'>S.</span> <span class='ocrx_word' id='word_1_474' title='bbox 214 4792 258 4865; x_wconf 89' lang='lat' dir='ltr'>D.</span> <span class='ocrx_word' id='word_1_475' title='bbox 309 4793 400 4865; x_wconf 89' lang='lat' dir='ltr'>Cum</span> <span class='ocrx_word' id='word_1_476' title='bbox 424 4820 498 4864; x_wconf 90' lang='lat' dir='ltr'>non</span> <span class='ocrx_word' id='word_1_477' title='bbox 520 4795 761 4865; x_wconf 87' lang='lat' dir='ltr'>audiverimus</span> <span class='ocrx_word' id='word_1_478' title='bbox 782 4806 959 4886; x_wconf 76' lang='lat' dir='ltr'>utrunque</span> <span class='ocrx_word' id='word_1_479' title='bbox 981 4808 1128 4883; x_wconf 90' lang='lat' dir='ltr'>partem,</span> <span class='ocrx_word' id='word_1_480' title='bbox 1177 4816 1298 4890; x_wconf 86' lang='lat' dir='ltr'>gentes</span> <span class='ocrx_word' id='word_1_481' title='bbox 1313 4803 1470 4873; x_wconf 89' lang='lat' dir='ltr'>miserias</span> <span class='ocrx_word' id='word_1_482' title='bbox 1488 4796 1675 4876; x_wconf 85' lang='lat' dir='ltr'>hominum</span> <span class='ocrx_word' id='word_1_483' title='bbox 1691 4806 1922 4898; x_wconf 87' lang='lat' dir='ltr'>contemplari</span> <span class='ocrx_word' id='word_1_484' title='bbox 1946 4821 2063 4895; x_wconf 85' lang='lat' dir='ltr'>cogat,</span> <span class='ocrx_word' id='word_1_485' title='bbox 2096 4807 2168 4877; x_wconf 86' lang='lat' dir='ltr'>exi·</span> 
     </span>
     <span class='ocr_line' id='line_1_82' title="bbox 136 4891 2171 5000; baseline 0.005 -33"><span class='ocrx_word' id='word_1_486' title='bbox 136 4920 211 4967; x_wconf 91' lang='lat' dir='ltr'>non</span> <span class='ocrx_word' id='word_1_487' title='bbox 228 4898 377 4967; x_wconf 83' lang='lat' dir='ltr'>iacimus</span> <span class='ocrx_word' id='word_1_488' title='bbox 393 4921 459 4966; x_wconf 84' lang='lat' dir='ltr'>nos</span> <span class='ocrx_word' id='word_1_489' title='bbox 475 4898 610 4967; x_wconf 88' lang='lat' dir='ltr'>iudices</span> <span class='ocrx_word' id='word_1_490' title='bbox 623 4899 718 4966; x_wconf 83' lang='lat' dir='ltr'>inter</span> <span class='ocrx_word' id='word_1_491' title='bbox 731 4898 910 4966; x_wconf 82' lang='lat' dir='ltr'>doctorem</span> <span class='ocrx_word' id='word_1_492' title='bbox 926 4891 1126 4966; x_wconf 73' lang='lat' dir='ltr'>chricum</span> <span class='ocrx_word' id='word_1_493' title='bbox 1177 4903 1317 4977; x_wconf 87' lang='lat' dir='ltr'>stimari</span> <span class='ocrx_word' id='word_1_494' title='bbox 1340 4917 1374 4974; x_wconf 93' lang='lat' dir='ltr'>te</span> <span class='ocrx_word' id='word_1_495' title='bbox 1399 4899 1490 4976; x_wconf 85' lang='lat' dir='ltr'>hano</span> <span class='ocrx_word' id='word_1_496' title='bbox 1515 4907 1714 4978; x_wconf 89' lang='lat' dir='ltr'>molestiam</span> <span class='ocrx_word' id='word_1_497' title='bbox 1734 4908 1979 4978; x_wconf 83' lang='lat' dir='ltr'>misericordia</span> <span class='ocrx_word' id='word_1_498' title='bbox 2003 4910 2171 5000; x_wconf 82' lang='lat' dir='ltr'>quadam,</span> 
     </span>
    </p>
   </div>
   <div class='ocr_carea' id='block_1_30' title="bbox 136 4993 2170 5102">
    <p class='ocr_par' dir='ltr' id='par_1_31' title="bbox 136 4993 2170 5102">
     <span class='ocr_line' id='line_1_83' title="bbox 136 4993 2170 5102; baseline 0.006 -34"><span class='ocrx_word' id='word_1_499' title='bbox 136 5011 172 5069; x_wconf 88' lang='lat' dir='ltr'>et</span> <span class='ocrx_word' id='word_1_500' title='bbox 202 4997 494 5070; x_wconf 81' lang='lat' dir='ltr'>Iurisconsultus:</span> <span class='ocrx_word' id='word_1_501' title='bbox 533 5003 593 5069; x_wconf 91' lang='lat' dir='ltr'>sed</span> <span class='ocrx_word' id='word_1_502' title='bbox 625 5011 795 5092; x_wconf 90' lang='lat' dir='ltr'>utrosque</span> <span class='ocrx_word' id='word_1_503' title='bbox 824 4993 1057 5070; x_wconf 87' lang='lat' dir='ltr'>adhortamur</span> <span class='ocrx_word' id='word_1_504' title='bbox 1080 5006 1124 5070; x_wconf 91' lang='lat' dir='ltr'>ad</span> <span class='ocrx_word' id='word_1_505' title='bbox 1177 5006 1410 5077; x_wconf 88' lang='lat' dir='ltr'>conveniente</span> <span class='ocrx_word' id='word_1_506' title='bbox 1426 5008 1502 5079; x_wconf 88' lang='lat' dir='ltr'>viro</span> <span class='ocrx_word' id='word_1_507' title='bbox 1518 5033 1667 5102; x_wconf 87' lang='lat' dir='ltr'>magno,</span> <span class='ocrx_word' id='word_1_508' title='bbox 1694 5026 1938 5102; x_wconf 80' lang='lat' dir='ltr'>suscepturum</span> <span class='ocrx_word' id='word_1_509' title='bbox 1962 5035 2047 5085; x_wconf 86' lang='lat' dir='ltr'>esse.</span> <span class='ocrx_word' id='word_1_510' title='bbox 2101 5008 2170 5084; x_wconf 70' lang='lat' dir='ltr'>oon</span> 
     </span>
    </p>
   </div>
   <div class='ocr_carea' id='block_1_31' title="bbox 135 5097 1125 5195">
    <p class='ocr_par' dir='ltr' id='par_1_32' title="bbox 135 5097 1125 5195">
     <span class='ocr_line' id='line_1_84' title="bbox 135 5097 1125 5195; baseline 0.002 -25"><span class='ocrx_word' id='word_1_511' title='bbox 135 5101 232 5192; x_wconf 88' lang='lat' dir='ltr'>piam</span> <span class='ocrx_word' id='word_1_512' title='bbox 256 5102 494 5173; x_wconf 89' lang='lat' dir='ltr'>concordiam.</span> <span class='ocrx_word' id='word_1_513' title='bbox 553 5101 625 5173; x_wconf 89' lang='lat' dir='ltr'>Sed</span> <span class='ocrx_word' id='word_1_514' title='bbox 650 5105 695 5172; x_wconf 90' lang='lat' dir='ltr'>de</span> <span class='ocrx_word' id='word_1_515' title='bbox 723 5100 1029 5195; x_wconf 89' lang='lat' dir='ltr'>propositionibus</span> <span class='ocrx_word' id='word_1_516' title='bbox 1058 5097 1125 5172; x_wconf 90' lang='lat' dir='ltr'>hoc</span> 
     </span>
    </p>
   </div>
   <div class='ocr_carea' id='block_1_32' title="bbox 136 5254 360 5273">
    <p class='ocr_par' dir='ltr' id='par_1_33' title="bbox 136 5254 360 5273">
     <span class='ocr_line' id='line_1_85' title="bbox 136 5254 360 5273; baseline -0.009 -3"><span class='ocrx_word' id='word_1_517' title='bbox 136 5254 360 5273; x_wconf 47' lang='lat'>”⁸⁸⁸—</span> 
     </span>
    </p>
   </div>
   <div class='ocr_carea' id='block_1_33' title="bbox 163 5327 524 5400">
    <p class='ocr_par' dir='ltr' id='par_1_34' title="bbox 163 5327 524 5400">
     <span class='ocr_line' id='line_1_86' title="bbox 163 5327 524 5400; baseline -0.003 -11"><span class='ocrx_word' id='word_1_518' title='bbox 163 5327 196 5400; x_wconf 84' lang='grc'>*)</span> <span class='ocrx_word' id='word_1_519' title='bbox 215 5328 246 5387; x_wconf 84' lang='lat' dir='ltr'>C.</span> <span class='ocrx_word' id='word_1_520' title='bbox 258 5330 300 5388; x_wconf 87' lang='lat' dir='ltr'>M.</span> <span class='ocrx_word' id='word_1_521' title='bbox 313 5330 524 5388; x_wconf 79' lang='lat' dir='ltr'>bonestiuimo.</span> 
     </span>
    </p>
   </div>
   <div class='ocr_carea' id='block_1_34' title="bbox 1208 5211 1754 5397">
    <p class='ocr_par' dir='ltr' id='par_1_35' title="bbox 1208 5211 1754 5397">
     <span class='ocr_line' id='line_1_87' title="bbox 1212 5211 1688 5306; baseline -0.002 -13"><span class='ocrx_word' id='word_1_522' title='bbox 1212 5242 1240 5306; x_wconf 88' lang='lat'>1)</span> <span class='ocrx_word' id='word_1_523' title='bbox 1260 5211 1339 5306; x_wconf 69' lang='lat' dir='ltr'>Nonj</span> <span class='ocrx_word' id='word_1_524' title='bbox 1356 5240 1419 5295; x_wconf 87' lang='lat' dir='ltr'>eod.</span> <span class='ocrx_word' id='word_1_525' title='bbox 1436 5240 1518 5298; x_wconf 86' lang='lat' dir='ltr'>Mon.</span> <span class='ocrx_word' id='word_1_526' title='bbox 1533 5238 1576 5296; x_wconf 81' lang='lat'>89.</span> <span class='ocrx_word' id='word_1_527' title='bbox 1594 5241 1688 5294; x_wconf 85' lang='lat' dir='ltr'>Nono.</span> 
     </span>
     <span class='ocr_line' id='line_1_88' title="bbox 1208 5327 1754 5397; baseline 0.007 -16"><span class='ocrx_word' id='word_1_528' title='bbox 1208 5327 1241 5397; x_wconf 82' lang='lat'>2)</span> <span class='ocrx_word' id='word_1_529' title='bbox 1260 5327 1331 5383; x_wconf 81' lang='lat' dir='ltr'>cod.</span> <span class='ocrx_word' id='word_1_530' title='bbox 1344 5327 1424 5389; x_wconf 78' lang='lat' dir='ltr'>Mon.</span> <span class='ocrx_word' id='word_1_531' title='bbox 1435 5328 1481 5384; x_wconf 79' lang='lat'>89.</span> <span class='ocrx_word' id='word_1_532' title='bbox 1493 5328 1584 5383; x_wconf 76' lang='lat' dir='ltr'>addite</span> <span class='ocrx_word' id='word_1_533' title='bbox 1607 5328 1754 5385; x_wconf 70' lang='lat' dir='ltr'>umam.</span> 
     </span>
    </p>
   </div>
   <div class='ocr_carea' id='block_1_35' title="bbox 0 0 2307 5760">
    <p class='ocr_par' dir='ltr' id='par_1_36' title="bbox 0 0 2307 5760">
     <span class='ocr_line' id='line_1_89' title="bbox 0 0 2307 5760; baseline 0 0"><span class='ocrx_word' id='word_1_534' title='bbox 0 0 2307 5760; x_wconf 95' lang='lat' dir='ltr'> </span> 
     </span>
    </p>
   </div>
  </div>
 </body>
</html>
