4546 5760
53 165 131 241 na
248 123 702 317 nersronanuaa,
727 156 1100 243 teutotonuat
1123 158 1199 236 ur
1223 122 1618 242 sentrronuu
1664 168 1774 249 uta.
1805 172 1910 257 ειν.
2023 181 2097 257 ιιι

55 353 225 413 movetur
240 339 284 410 ad
302 329 568 411 detestationem
584 336 729 431 peccati.
779 332 1054 430 Nam-impossi-
1102 334 1293 409 sectionem
1314 333 1469 408 iustitiae
1501 338 1608 411 nobis
1637 364 1702 434 per
1722 341 1909 423 Christum
1933 374 2095 427 commu-
2165 401 2176 412 .

54 442 130 514 bile
152 456 205 516 est
226 441 285 537 (ut
307 440 425 535 inquit
446 435 685 534 Augustinus)
707 461 838 509 novam
861 438 969 510 vitam
994 439 1053 509 in·
1102 437 1251 513 nicetae.

55 541 211 637 choree,
235 542 304 614 nisi
321 540 454 635 prioris
467 565 535 614 nos
548 540 742 638 poeniteat.
2099 630 2103 639 ,
2197 629 2201 637 ,

1203 637 1283 715 Ειεί
1298 657 1417 717 autem
1432 643 1463 716 is
1477 645 1539 741 qui
1550 645 1786 736 iustihcatur,
1811 653 1987 732 iusticiam
2000 665 2092 736 acei-

163 743 252 833 ltesn
265 743 385 818 Lucae
406 743 535 818 ultimo
548 730 713 817 Christus
734 741 834 819 tubat
855 742 1054 836 praedicari
1101 744 1155 837 pit
1180 759 1216 818 ει
1248 741 1354 817 habet
1386 770 1451 840 per
1474 744 1678 835 Christum,
1720 755 1826 826 etiam
1857 755 2091 850 inherentem,

56 852 96 921 in
120 848 270 922 nomine
290 847 367 920 eius
389 845 644 939 poenitentiam
660 859 694 917 ει
707 845 952 919 remissionem
972 871 1056 939 pec·
1101 846 1193 919 sicut
1224 848 1314 919 dicit
1346 851 1543 942 apostolus:
1586 849 1712 925 Abluti
1747 858 1848 946 estis,
1885 866 2091 941 sanctificati

57 965 232 1025 catorum.
283 944 463 1023 lohannes
479 947 587 1019 etiam
601 944 760 1043 Baptista
779 949 907 1033 missus
922 951 968 1021 ad
989 974 1053 1043 pa·
1101 950 1201 1031 estis,
1227 948 1404 1022 iustificati
1426 952 1520 1025 estis.
1572 952 1694 1046 Quare
1717 960 1829 1031 uncti
1852 979 1967 1055 patres
1988 968 2091 1042 iusti:

58 1054 193 1127 randas
214 1050 444 1125 vicedomini
461 1048 679 1143 praedicavit
695 1048 970 1144 poenitentiam,
996 1051 1052 1121 in·
1101 1051 1198 1121 ficari
1220 1053 1324 1123 etiam
1349 1077 1414 1145 pro
1437 1078 1478 1125 eo
1496 1059 1593 1150 quod
1608 1071 1658 1129 eat
1675 1054 1898 1136 inherentem
1914 1067 2090 1142 iusticiam
2196 1054 2207 1065 ⁸

56 1157 205 1253 quiens,
235 1153 493 1251 poenitentiam
517 1152 629 1243 agite,
661 1151 926 1248 adpmpinquat
953 1152 1050 1224 enim
1100 1154 1258 1246 accipere
1279 1170 1508 1247 usurparunt.
1567 1156 1706 1231 Tamen
1728 1163 1846 1236 anima
1869 1168 1983 1242 fidelis
2002 1167 2091 1246 huic

57 1281 211 1352 regnunt
228 1257 423 1332 coelorum.
928 1270 934 1284 ·
1101 1279 1175 1327 non
1196 1256 1385 1355 innititur,
1409 1260 1470 1329 sed
1490 1258 1558 1330 toli
1576 1258 1737 1334 iusticias
1750 1261 1886 1341 Christi
1903 1273 2009 1363 nobis
2024 1276 2091 1347 do·

1101 1369 1220 1443 natae,
1244 1359 1323 1428 sine
1335 1383 1406 1455 qna
1421 1360 1522 1432 nulla
1538 1362 1688 1445 omnino
1705 1379 1775 1452 est,
1799 1392 1865 1442 ιιεε
1879 1395 1954 1445 esse
1974 1389 2091 1468 potest

163 1461 304 1541 Deinde
337 1485 359 1537 a
393 1458 521 1553 spiritu
552 1473 674 1533 saneto
700 1477 864 1535 movetur
897 1457 1052 1535 hominis
1091 1458 1252 1535 iusticia·
1295 1457 1346 1534 Ει
1360 1460 1495 1535 sicfide
1508 1463 1547 1533 in
1561 1459 1744 1539 Christum
1760 1469 2003 1564 iustificantur,
2028 1502 2090 1551 seu

58 1589 162 1641 mens
178 1566 224 1645 ,in
246 1567 353 1637 deum
367 1587 433 1657 per
446 1556 649 1651 Christum,
670 1579 704 1638 ει
717 1557 776 1635 hio
790 1578 907 1639 motus
923 1580 975 1638 εει
990 1591 1053 1658 ρει
1099 1575 1307 1653 reputamur
1328 1563 1431 1646 iusti,
1463 1563 1500 1635 id
1525 1578 1595 1647 est,
1628 1570 1780 1661 accepti,
1813 1590 1957 1669 propter
1979 1579 2090 1672 ipsiu,
2215 1561 2218 1568 ’

58 1674 189 1750 fidem,
224 1691 287 1762 per
317 1689 425 1761 quam
459 1659 618 1735 hominis
649 1688 750 1737 mens
782 1683 878 1741 certo
905 1671 1052 1739 credens
1099 1667 1236 1750 merita,
1256 1689 1329 1737 non
1346 1678 1490 1758 propter
1504 1683 1659 1741 nostram
1673 1671 1956 1762 dignitatemaut
1970 1706 2089 1775 opera.

58 1772 229 1846 omnibus
240 1790 332 1864 quae
346 1766 474 1841 tradita
488 1781 606 1839 sunta
622 1764 710 1852 Deo,
735 1768 839 1837 etiam
858 1771 1051 1840 certissime
1099 1761 1148 1839 Et
1167 1781 1312 1860 propter
1337 1762 1558 1841 inherentem
1575 1769 1749 1843 iusticiam
1769 1799 1810 1848 eo
1825 1778 1911 1853 iusti
1925 1783 2090 1872 dicimur,

58 1892 96 1948 et
107 1878 188 1946 sine
204 1871 316 1944 dubio
334 1870 533 1941 adsentitur
548 1869 844 1962 promissionibus
866 1872 971 1941 nohis
992 1897 1052 1943 cx·
1100 1867 1184 1962 quia
1199 1893 1289 1965 quae
1304 1869 1395 1942 iusta
1412 1884 1496 1942 sunt
1511 1895 1712 1964 operamur,
1736 1875 1832 1952 iuxta
1849 1880 1941 1954 itud
1958 1881 2090 1961 lohan.

58 1975 187 2050 bibitis
210 1997 231 2046 a
256 1974 344 2059 deo,
378 1971 442 2067 qui
464 1984 505 2044 ut
527 1971 658 2044 dicitur
680 1972 720 2043 in
735 1973 891 2065 psalmo,
916 1972 1052 2045 Fidelis
1099 1970 1176 2052 nis,
1202 1970 1265 2064 qui
1280 1971 1363 2043 lacit
1378 1972 1555 2044 iusticiam
1571 1973 1686 2047 iustus
1702 1991 1764 2054 est.

60 2094 112 2152 est
138 2079 180 2149 in
209 2076 375 2148 omnibus
403 2070 521 2144 verbis
540 2073 623 2144 suis.
683 2071 731 2147 Et
753 2098 795 2145 ex
818 2076 1050 2147 eoliduciam

60 2183 155 2275 capit
172 2189 316 2273 propter
330 2174 601 2269 promissionem
618 2175 694 2262 dei,
719 2200 787 2274 qua
807 2176 985 2269 pollicitus
1001 2191 1052 2248 est
1201 2168 1250 2246 Et
1264 2199 1478 2270 quamquam
1495 2175 1533 2246 in
1550 2176 1682 2250 renatis
1696 2204 1834 2273 semper
1849 2208 2001 2261 ειεεεειε
2024 2194 2087 2263 de-

61 2310 97 2356 se
117 2282 229 2374 gratis
249 2278 479 2351 remissurum
502 2290 659 2367 peccata,
684 2291 718 2349 et
739 2280 988 2369 adoptaturum
1013 2280 1051 2349 in
1099 2277 1204 2361 bent,
1234 2277 1344 2347 timor
1365 2277 1442 2363 dei,
1474 2278 1712 2368 poenitentia,
1738 2278 1920 2359 humilitas
1941 2304 1976 2362 et
1996 2293 2086 2365 aliae

61 2390 154 2456 lilios
179 2384 361 2454 credentes
383 2380 421 2448 in
445 2373 647 2464 Christum,
680 2402 739 2449 eos
762 2378 928 2473 inquam,
963 2405 1051 2474 quos
1100 2380 1265 2462 virtutes,
1291 2403 1371 2448 cum
1394 2379 1578 2449 renovatio
1600 2381 1644 2450 sit
1667 2383 1891 2475 imperfecta,
1916 2405 1951 2462 et
1966 2387 2088 2468 hereat

62 2485 193 2581 prioris
214 2484 307 2555 vitae
329 2481 556 2574 poenituerit.
608 2478 656 2551 Et
678 2475 743 2553 hac
768 2483 835 2552 fide
850 2483 996 2573 erigitur
1012 2485 1051 2552 in
1102 2481 1139 2549 in
1158 2480 1207 2549 eis
1226 2479 1350 2571 ingens
1371 2480 1574 2567 infirmitas3
1602 2496 1721 2555 tamen
1737 2488 1936 2561 docendum
1950 2509 2020 2582 est,
2047 2512 2085 2568 ιιι

62 2595 171 2660 deum
193 2611 212 2656 a
236 2585 364 2678 spiritu
389 2597 528 2668 saneto,
561 2580 716 2677 Ideoque
738 2584 866 2676 accipit
888 2585 1052 2675 spiritum
1101 2582 1164 2677 qui
1187 2606 1268 2652 vere
1290 2582 1490 2675 poenitent,
1531 2607 1669 2675 semper
1692 2588 1761 2657 fide
1788 2592 1980 2669 certissima
2005 2622 2086 2671 sen-

61 2672 242 2772 sanctum,
266 2685 508 2756 remissionem
523 2698 755 2777 peccatorum,
782 2686 1052 2779 imputationem
1100 2685 1210 2770 tiant,
1240 2708 1276 2753 se
1299 2698 1443 2777 propter
1465 2685 1695 2756 mediatorem
1717 2684 1899 2764 Christum
1921 2696 1988 2775 deo
2007 2701 2085 2794 pla.

19 2808 23 2817 '
62 2791 223 2865 iustitiae
240 2804 272 2859 et
289 2789 476 2857 innumera
495 2788 561 2856 alia
581 2788 684 2861 dona.
1102 2810 1191 2856 cere.
1244 2783 1337 2874 Quia
1352 2781 1517 2857 Christus
1538 2801 1589 2858 est
1610 2782 1845 2883 propitiator,
1873 2801 2032 2888 pontifex
2053 2819 2088 2877 et

633 2878 651 2907 “
1102 2887 1345 2979 interpellator
1359 2912 1423 2979 pro
1440 2887 1561 2974 nobis,
1588 2915 1693 2984 quem
1708 2908 1807 2983 pater
1822 2898 1969 2972 donavit
1983 2907 2087 2976 nobis

165 2993 285 3065 Firma
308 2991 425 3084 itaque
449 3002 557 3059 estet
579 3011 659 3059 sana
683 2991 844 3060 doctrina
867 2993 1051 3083 perfidem
1101 3004 1135 3061 et
1149 2990 1267 3059 omnia
1285 2991 1377 3059 laona
1393 3014 1472 3059 euru
1487 2991 1561 3064 illo.
1601 2991 1780 3082 Quoniam
1796 3010 1914 3069 autem
1934 3007 2085 3092 perfecta

65 3101 184 3169 vivam
210 3109 244 3166 et
270 3093 442 3162 efficacem
464 3090 644 3161 iustificari
674 3108 901 3184 peccatorem.
961 3093 1051 3164 Nam
1102 3085 1429 3164 certitudoinhac
1456 3092 1698 3165 imbecillitate
1725 3112 1895 3187 nonest,
1934 3121 2086 3202 suntque

63 3228 127 3292 per
141 3200 241 3270 illam
260 3197 326 3264 deo
342 3193 433 3284 grati
447 3205 482 3262 et
497 3192 628 3284 accepti
647 3216 768 3263 suntus
783 3192 1052 3285 propteerri·
1102 3194 1234 3265 multae
1248 3194 1408 3264 infirmae
1421 3207 1454 3264 et
1469 3194 1616 3285 pavidae
1629 3198 1874 3288 conscientiae,
1900 3229 2086 3300 quaecum

62 3322 169 3375 stum.
222 3296 398 3368 vocamus
424 3308 541 3365 autem
565 3294 668 3365 fidem
692 3295 807 3365 vivam
827 3298 1052 3386 motnmspi-
1102 3296 1201 3387 gravi
1229 3320 1330 3386 saepe
1357 3295 1579 3367 dubitatione
1611 3299 1811 3388 luctantur,
1850 3329 1955 3378 nemo
1985 3326 2087 3384 esta

63 3409 153 3476 ritus
184 3398 315 3480 sancti,
352 3398 423 3491 quo
447 3420 528 3465 vere
553 3397 771 3487 poenitentes
796 3398 922 3468 veteris
948 3401 1052 3483 vitae,
1101 3399 1211 3489 gratia
1235 3392 1369 3469 Christi
1399 3396 1544 3490 proptdr
1567 3399 1740 3472 eiusmodi
1762 3403 2001 3481 infirmitatem
2025 3438 2087 3484 ex·

62 3506 253 3595 erigrrntur
272 3503 315 3571 ad
330 3499 464 3583 Deum,
492 3512 525 3569 et
547 3522 627 3568 vere
648 3494 920 3590 apprehendunt
944 3500 1052 3569 mise·
1102 3500 1317 3579 eludendus,
1347 3500 1406 3567 sed
1430 3501 1595 3569 convenit
1618 3502 1705 3571 tales
1726 3504 1916 3595 diligenter
1936 3507 2086 3601 hortari,

63 3605 255 3679 deordiam
272 3605 309 3672 in
321 3597 466 3674 Christo
484 3601 708 3691 promissam,
735 3616 772 3672 ut
790 3600 858 3670 iam
876 3626 957 3670 vere
970 3623 1052 3671 sen·
1102 3615 1142 3672 ut
1157 3597 1213 3669 his
1229 3601 1513 3671 dubitationibus
1529 3602 1780 3694 promissiones
1792 3604 1925 3682 Christi
1947 3615 2086 3688 fortiter

61 3715 173 3795 tiant,
208 3706 304 3801 quod
331 3703 570 3774 remissionem
599 3716 819 3795 peccatorum
841 3717 877 3775 et
893 3704 1051 3773 reconci·
1103 3717 1303 3794 opponant,
1342 3716 1377 3773 et
1406 3703 1524 3790 augeri
1548 3703 1617 3774 sibi
1642 3705 1744 3775 fidem
1770 3711 1902 3782 sedulis
1923 3719 2086 3806 precibus

63 3812 249 3883 liationem
271 3819 417 3901 propter
438 3804 606 3876 meritum
630 3799 783 3891 Christi,
815 3807 966 3895 gratuita
994 3803 1052 3874 dei
1103 3818 1224 3886 orent,
1258 3805 1352 3876 iuxta
1375 3805 1475 3881 illud.
1527 3804 1673 3898 Adauge
1696 3809 1802 3880 nobis
1824 3815 1962 3886 domini
1982 3819 2088 3891 fidem

30 3914 224 3987 -bonitate
258 3921 486 4000 acceperunt,
526 3917 561 3977 et
592 3905 745 3977 clamant
770 3908 814 3976 ad
842 3931 922 3978 eum
948 3909 1050 3976 Abba
1101 3902 1247 3978 Christi.

63 4030 177 4106 pater.
226 4008 270 4083 Id
289 4011 387 4105 quod
412 4022 533 4080 tamen
555 4007 646 4079 nulli
663 4008 833 4099 obtingit,
860 4008 929 4079 nisi
946 4010 1050 4080 ctiam
1792 4089 1796 4097 ,

63 4116 171 4187 simul
195 4113 408 4186 infundatur
429 4110 573 4196 caritas,
602 4133 729 4181 sanans
747 4110 986 4193 voluntatem,
1013 4124 1052 4181 ut
1204 4111 1291 4178 item
1314 4104 1518 4180 Christiano
1547 4111 1673 4206 cuique
1693 4115 1798 4186 dehet
1825 4139 1898 4187 esse
1927 4128 2089 4215 comper-
2169 4164 2175 4175 ·

63 4221 231 4291 voluntas
244 4229 363 4288 sanata
383 4210 699 4310 (quemadmodum
713 4213 816 4284 divus
833 4210 1052 4304 Augustinus
1104 4226 1198 4296 tum,
1223 4234 1297 4280 non
1320 4208 1359 4278 in
1385 4205 1452 4280 hoc
1467 4214 1583 4281 datam
1601 4237 1673 4284 esse
1692 4218 1795 4286 nobis
1813 4213 1904 4289 hane
1924 4227 2086 4314 gratiam,

63 4320 132 4413 ait)
156 4319 306 4413 incipiat
328 4317 477 4410 implere
499 4315 622 4404 legem.
675 4312 779 4385 Fides
802 4338 884 4404 ergo
912 4316 990 4383 viva
1013 4338 1052 4383 ea
1105 4327 1139 4384 et
1158 4308 1250 4397 hauc
1273 4312 1594 4403 regenerationem,
1628 4328 1667 4385 ut
1688 4317 1727 4386 in
1751 4343 1792 4388 eo
1808 4322 1919 4408 gradu
1935 4323 2088 4397 innova.

61 4441 128 4505 est,
155 4446 246 4520 quae
261 4434 295 4494 ct
308 4414 542 4512 apprehendit
556 4417 830 4487 misericordiam
847 4418 886 4485 in
901 4411 1052 4498 Christo,
1105 4416 1213 4486 tionis
1237 4429 1394 4501 nostrae,
1428 4439 1531 4508 quem
1555 4415 1708 4508 primum
1731 4422 1826 4489 nacti
1844 4445 1965 4494 snmus
1977 4429 2087 4503 ociosi

63 4553 105 4598 ac
121 4525 237 4597 credit
253 4521 426 4594 iusticiam
442 4542 531 4613 quae
550 4519 651 4590 estin
668 4515 810 4598 Christo
827 4519 930 4589 nobis
947 4519 1054 4608 gratis
1105 4520 1346 4588 consistamus.
1397 4514 1465 4587 Sed
1484 4540 1677 4588 crescamus
1693 4520 1730 4589 in
1746 4522 1861 4613 ipsum
1878 4548 1941 4616 per
1955 4530 2089 4619 omnia,

63 4626 257 4723 imputari,
289 4638 324 4695 et
349 4647 439 4717 qnae
464 4621 572 4691 simul
597 4620 888 4714 pollicitationem
911 4621 1054 4712 spiritus
1106 4620 1168 4714 qui
1183 4632 1234 4690 est
1249 4631 1352 4710 caput
1366 4612 1541 4690 Christus.
1592 4620 1746 4715 Ideoque
1761 4626 1942 4698 docendus
1957 4644 2009 4702 est
2022 4659 2089 4726 po-

63 4724 577 4817 sanctietcaritatemaecipit.
629 4721 791 4818 lta.quod
808 4723 893 4793 fides
912 4723 1053 4817 quidem
1105 4721 1227 4814 pulus,
1255 4734 1295 4791 ut
1314 4723 1373 4790 det
1396 4744 1537 4812 operam
1561 4717 1645 4792 huie
1660 4738 1866 4813 augmento,
1894 4734 1991 4824 quod
2008 4736 2090 4829 qui.

63 4834 281 4911 iustifieans,
307 4840 360 4898 est
375 4829 435 4897 illa
452 4827 547 4912 lides,
574 4849 662 4920 qrtae
681 4841 732 4896 est
751 4825 869 4895 efficax
886 4848 948 4916 per
966 4823 1055 4892 cari·
1107 4826 1187 4894 dem
1200 4823 1239 4892 fit
1252 4846 1315 4914 per
1328 4823 1422 4892 bona
1437 4847 1555 4914 opera,
1579 4838 1612 4894 ct
1627 4823 1765 4897 interna
1783 4841 1816 4897 ει
1828 4844 1969 4902 esterna
1985 4860 2005 4906 a
2021 4839 2087 4907 deo

64 4952 187 5007 tatem.
227 4931 297 5004 Sed
313 4931 456 5000 interim
474 4924 540 4998 hoc
555 4952 675 4998 verum
696 4940 764 5005 est,
791 4929 886 5020 quod
906 4921 970 4994 hac
990 4926 1056 4993 lide
1108 4926 1272 5003 mandata
1296 4937 1331 4992 et
1355 4930 1616 5009 commendata,
1652 4929 1780 5018 quibus
1808 4933 1896 5004 deus
1926 4939 2088 5027 promisit

66 5055 213 5108 eatenus
227 5033 474 5113 iustihcamur,
501 5032 535 5099 id
555 5044 624 5113 est,
647 5043 868 5120 acceptamur
883 5042 913 5097 et
932 5050 1057 5096 recen·
1109 5041 1252 5118 propter
1266 5023 1449 5096 Christum
1469 5028 1506 5094 in
1524 5028 1687 5117 pluribus
1702 5029 1787 5102 locis
1804 5039 1977 5126 evangelii
1997 5041 2090 5112 clare

65 5142 231 5211 ciliamur
265 5139 349 5220 deo,
384 5146 555 5228 quatenus
591 5128 827 5223 apprehendit
858 5130 1058 5199 misericor·
1109 5142 1143 5198 ει
1159 5129 1339 5199 manifeste
1359 5133 1573 5215 mercedem,
1600 5131 1692 5199 bona
1708 5146 1778 5201 tana
1794 5142 1963 5228 corporis,
1984 5166 2090 5234 quarn

67 5245 165 5313 diam
191 5258 225 5310 et
246 5237 441 5319 iusticiam,
468 5258 558 5328 quae
580 5233 685 5301 nohis
703 5233 898 5321 imputatur
915 5244 1058 5322 propter
1110 5231 1255 5319 spiritus
1273 5231 1310 5298 in
1338 5225 1403 5300 bae
1429 5230 1518 5315 vita,
1558 5246 1661 5322 prout
1682 5235 1823 5305 divinae
1848 5243 2092 5329 providentiae

66 5341 264 5419 Christum,
291 5336 497 5408 nnn'autem
517 5348 661 5427 propter
678 5336 884 5424 dignitatem
902 5358 963 5405 seu
979 5355 1060 5426 per·
1110 5332 1227 5401 virum
1244 5333 1368 5419 luerit,
1395 5346 1521 5422 etpost
1538 5329 1627 5403 hanc
1645 5335 1752 5406 vitam
1767 5337 1805 5405 in
1821 5340 1937 5418 coelis.
1991 5342 2096 5416 Ideo·

119 5450 300 5515 Merserat.
321 5444 421 5510 Orsa.
451 5442 532 5507 Vos.
549 5441 596 5508 X.
917 5518 921 5525 ,
1446 5435 1472 5506 8
