4546 5760
4 2381 9 2390 ·
119 2344 321 2417 Venturum
336 2345 474 2416 aeterni
489 2358 613 2415 natum
636 2341 793 2413 cecinere
814 2341 982 2435 parensis,

111 112 191 188 oss
457 91 463 99 ’
834 112 1161 198 canurnun
1210 123 1317 206 ure.
1352 127 1425 210 ιν.
1479 96 1481 100 ’

111 285 183 359 sed
198 286 345 360 custode
358 281 435 357 Deo
451 306 552 356 casus
565 286 811 379 superabimus
825 311 961 376 omnes,
1155 292 1223 368 No.
1246 296 1341 376 stt.
1971 367 2029 384 ,,
2053 368 2068 387 ,

164 387 344 460 Placatum
359 391 472 480 pietas
486 387 517 457 si
532 391 639 460 modo
650 402 774 461 nostra
790 391 884 464 facit.
1169 394 1339 426 Ἄ
1945 426 2068 457 υ..

112 488 161 563 Et
174 491 306 588 quibus
319 490 445 561 officiis
461 490 572 580 possit
587 491 752 585 flectique
768 493 921 586 colique,
1259 513 1340 584 Aput
1354 513 1483 586 vincent
1499 540 1525 593 p.
1539 523 1576 577 tt
1589 544 1630 598 sq.

163 592 235 665 Hic
250 593 408 686 exempla
423 593 516 663 liber
531 593 622 663 iusta
641 596 819 686 sequenda
833 597 945 673 dabit.
1081 672 1085 679 ,

114 695 173 769 Sit
187 698 270 768 licet
287 695 421 767 utilitas
436 718 492 764 res
507 707 620 785 gestas
635 719 739 766 nosse
756 692 970 789 prophanas,

167 798 300 871 Utilior
314 811 432 867 tamen
449 810 500 867 est
514 796 692 890 perlegere
707 798 772 871 ista
787 797 900 870 labor.

1348 683 1407 749 De
1429 678 1531 754 dicto
1560 689 1714 764 loannis
1739 669 1968 787 Baptistae:

1159 795 1262 876 „Nou
1278 813 1379 881 potest
1394 807 1453 867 sibi
1469 807 1562 871 homo
1583 832 1702 877 sumere
1717 823 1899 906 quisquam,
1924 828 1988 890 uisi
2001 826 2068 893 datu

1259 906 1289 964 ei
1305 926 1322 965 a
1338 902 1435 975 Deo.''
1486 907 1558 976 loh.
1575 915 1606 978 3.

1079 1040 1110 1050 “
1158 1041 1302 1116 Nullius
1319 1063 1371 1120 est
1389 1026 1498 1122 loelix
1516 1071 1664 1130 conatus
1679 1075 1715 1134 et
1731 1065 1832 1138 utilis
1846 1092 2031 1167 unquam,
2050 1082 2055 1095 '

394 1208 400 1217 ,
1208 1144 1410 1222 ,Consilium
1425 1154 1456 1225 si
1472 1180 1548 1228 uon
1562 1161 1692 1256 detque
1706 1166 1874 1264 iuvetque
1887 1171 1997 1251 Deus.

115 1203 296 1332 Q
891 1243 1104 1338 a
1160 1247 1265 1322 Tunc
1289 1253 1389 1326 iuvat
1413 1255 1477 1328 ille
1501 1274 1639 1352 autem,
1670 1290 1749 1337 curn
1782 1296 1883 1344 mens
1912 1277 1983 1349 sibi
2015 1304 2068 1355 sor

1210 1453 1376 1528 Mandati
1387 1458 1497 1531 officii
1513 1486 1663 1538 munera
1674 1383 1773 1544 lilii
1783 1475 1879 1549 facit.

1157 1553 1206 1628 Et
1218 1557 1325 1629 simul
1340 1562 1513 1652 auxilium
1528 1573 1705 1661 praesenti
1718 1598 1738 1644 a
1753 1580 1903 1653 numine
1915 1579 2051 1662 Christi

1209 1656 1347 1746 Poscit,
1372 1676 1407 1734 et
1421 1680 1579 1755 expectat
1593 1695 1668 1742 non
1682 1676 1869 1753 dubitante
1883 1685 1965 1762 fide.

1159 1759 1200 1834 si
1215 1764 1384 1854 procedet
1399 1790 1489 1858 opus
1502 1770 1656 1842 faustum
1671 1780 1876 1876 populoque
1891 1788 2041 1885 tibique,

1210 1861 1320 1934 Navis
1337 1880 1372 1937 et
1385 1891 1471 1939 aura
1486 1884 1566 1941 tuae
1578 1876 1656 1945 vela
1674 1886 1828 1953 secunda
1845 1882 1964 1974 vehet,

1161 1963 1405 2062 Invictumque
1420 1967 1489 2040 Dei
1502 1973 1659 2046 dextram
1675 1981 1729 2051 vis
1744 1986 1845 2056 nulla
1860 1993 2020 2084 repellet,

1210 2064 1345 2139 Omnia
1363 2085 1535 2162 cogentur
1551 2080 1674 2149 cedere
1692 2107 1803 2174 prona
1819 2084 1908 2162 Deo.

1160 2167 1240 2263 Ipsa
1257 2171 1381 2252 etiam,
1407 2177 1570 2268 quamvis
1585 2182 1765 2258 adamanti
1786 2189 1897 2262 incisa
1909 2196 2068 2272 feruntur

1212 2268 1304 2343 Cum
1320 2274 1472 2365 petimus
1488 2282 1618 2352 redunt
1633 2282 1704 2356 sata
1720 2311 1841 2362 severa
1856 2289 1947 2368 Deo.

1045 2437 1062 2452 ,
1159 2371 1233 2444 Nec
1245 2371 1343 2444 Deus
1359 2390 1412 2448 est
1427 2401 1562 2452 numen
1576 2381 1768 2460 Parcarum
1786 2415 1926 2468 carcere
1941 2400 2068 2476 clausus

1216 2472 1331 2563 Quale
1350 2481 1541 2568 putabatur
1554 2483 1696 2558 Stoicus
1711 2515 1785 2563 esse
1800 2491 1910 2572 Deus.

1160 2574 1240 2668 lpse
1253 2590 1370 2670 potest
1383 2581 1468 2651 solis
1484 2607 1609 2657 currus
1627 2586 1792 2665 inhibere
1807 2599 1983 2691 volantes,

1211 2676 1291 2772 lpse
1304 2681 1404 2753 velut
1418 2686 1581 2779 scopulos
1593 2688 1743 2766 flumina
1756 2711 1850 2770 stare
1863 2701 1978 2782 iubet.
2063 2740 2067 2745 ·

107 1457 112 1467 ι
217 1419 298 1493 Apud
317 1418 444 1477 Viueeut.
462 1438 489 1492 p.
503 1417 543 1475 tt.

466 1584 513 1653 iss
525 1575 751 1672 Prophetae.

118 1728 155 1803 Ο
170 1733 308 1803 utinam
324 1729 455 1802 Vatum
471 1729 660 1823 praeconia
673 1730 789 1799 dicere
804 1750 955 1821 possem,

168 1831 344 1905 Accendit
358 1827 512 1927 quorum
526 1845 668 1924 pectora
682 1856 771 1923 pura
784 1829 904 1904 Deuss

116 1935 309 2008 Doctrinae
328 1947 370 2007 ut
385 1936 500 2005 lucem
515 1947 746 2019 renovarent,
772 1949 876 2028 atque
892 1937 1060 2007 docerent

169 2035 260 2129 Quis
278 2062 416 2110 summo
433 2036 526 2129 patri
540 2035 586 2107 sit
602 2036 813 2106 tribuendus
828 2029 957 2111 honor.

116 2139 165 2212 Hi
183 2141 357 2234 populum
375 2139 414 2209 in
429 2141 535 2213 rebus
548 2138 668 2209 dubiis
680 2162 818 2224 rexere,
841 2139 998 2210 levantes

167 2240 329 2315 Consilio
345 2242 459 2332 gentis
475 2242 586 2311 multa
603 2240 732 2333 pericla
748 2262 842 2314 suae.

167 2445 330 2520 Crimina
344 2461 386 2519 ut
400 2447 560 2518 ablueret
572 2437 693 2516 nostra
706 2445 838 2516 'cruore
853 2469 930 2515 suo.

116 2548 225 2635 Hunc
242 2563 388 2643 propter
401 2548 514 2641 recipi
528 2547 726 2637 docuerunt
742 2560 843 2633 vota,
870 2567 1059 2666 precesque

167 2649 248 2723 Hoc
264 2655 352 2722 duce
369 2653 550 2722 iusserunt
561 2647 705 2719 Numen
719 2647 819 2718 adire
835 2662 956 2741 patres,

117 2752 346 2847 Censuraque
368 2777 432 2823 sua
453 2751 640 2821 frenarunt
661 2773 763 2843 saepe
780 2747 984 2846 Tyrannos,

168 2853 489 2950 Etpopulimores
505 2852 712 2924 continuere
728 2851 794 2925 sui.
1160 2888 2068 2933 Ἣ

1160 3017 1228 3089 Νο.
1247 3019 1335 3093 342.
1998 3078 2048 3103 -ὴ

1169 3116 1341 3144 m
1977 3142 2068 3175 w

1248 3233 1331 3305 Apud
1349 3231 1487 3293 vincern·
1493 3256 1522 3311 p.
1536 3241 1584 3296 161
1597 3262 1639 3316 sq.

1405 3400 1465 3468 De
1491 3395 1592 3475 dioto
1618 3407 1754 3480 Moe
1781 3431 1811 3485 o.
1826 3409 1910 3489 au:

1163 3509 1285 3592 „Dabit
1303 3517 1390 3578 robis
1410 3514 1563 3586 Domimu
1584 3547 1693 3607 panem
1716 3543 1832 3595 aretum
1852 3549 1883 3600 et
1907 3559 2018 3624 squaru
2033 3557 2063 3608 st

1251 3613 1342 3678 vsinet
1360 3623 1479 3683 avolare
1494 3620 1689 3693 Doctorem?

120 3257 188 3329 No,
213 3253 300 3327 340.

71 3394 77 3409 Ι
131 3354 303 3384 m

220 3471 301 3545 Apud
320 3470 446 3527 Vincunt.
466 3489 493 3542 p.
510 3469 548 3524 14.

485 3637 531 3704 ln
554 3633 732 3706 Psalmos.

121 3781 212 3854 Saxa
228 3781 349 3852 ferunt
364 3777 489 3850 Vatem
510 3781 655 3851 traxisse
670 3777 876 3873 Amphiona
893 3800 1011 3874 cautu,

173 3880 222 3954 Ut
236 3895 387 3953 strueret
402 3878 538 3953 Thebis
553 3883 692 3952 moenia
710 3884 825 3975 prima
842 3886 926 3956 suis.

119 3980 241 4054 Maius
256 4008 345 4076 opus
359 3983 437 4054 fieri
450 3982 600 4055 Davidis
615 3986 772 4055 carmine
786 4001 935 4075 constat,

171 4082 246 4175 Qui
260 4081 370 4157 trahit
385 4088 430 4155 ad
451 4109 629 4157 summurn
646 4101 784 4180 pectora
800 4105 919 4163 nostra
934 4089 1061 4165 Deum.

94 4198 100 4213 “
120 4186 226 4260 Nunc
240 4187 428 4257 servatoris
443 4201 565 4258 narrat
579 4189 767 4281 praeconia
783 4187 929 4281 Christi,

1164 3757 1379 3854 Quanquam
1394 3767 1500 3840 urbes
1516 3786 1550 3843 et
1565 3798 1673 3868 regna
1690 3797 1819 3870 ruunt,
1845 3801 1880 3858 et
1895 3791 1997 3865 nulla
2013 3794 2068 3867 vid

1213 3858 1406 3937 Doctrinae
1420 3873 1519 3941 sedes
1535 3875 1637 3947 firma
1649 3879 1768 3953 futura
1784 3886 1881 3976 piae:

1163 3962 1246 4034 Non
1262 3978 1382 4038 tamen
1400 3964 1465 4042 has
1478 3974 1572 4048 inter
1585 3977 1748 4054 Christus
1764 3988 1911 4077 periisse
1927 3997 2048 4070 ruinas

1213 4062 1366 4156 Agmina
1383 4097 1472 4166 quae
1486 4078 1629 4152 discunt
1644 4084 1808 4176 dogmata
1824 4116 1909 4164 vera
1924 4097 2035 4172 sinete
2057 4136 2061 4141 ·

1162 4167 1233 4244 Sed
1250 4168 1350 4242 dabit
1364 4167 1559 4270 hospitium
1573 4184 1695 4271 uobis,
1720 4190 1889 4286 donoque
1910 4203 2065 4277 modettt

172 4288 289 4380 Quem
307 4290 403 4359 canit
418 4303 561 4360 aeterno
575 4293 619 4360 de
634 4293 795 4382 genitore
808 4309 933 4367 satum.
1028 4330 1030 4335 ·

120 4392 227 4465 Nunc
241 4391 508 4484 optegemitus,
531 4404 567 4463 et
580 4394 687 4463 verba
703 4398 882 4487 precantia
896 4397 1018 4484 tradit,

172 4496 231 4566 Ad
247 4518 425 4566 summum
439 4506 575 4587 patrem
590 4519 680 4589 quae
693 4509 753 4567 tua
768 4513 850 4570 vota
866 4495 1009 4573 vehant.

1 4613 2 4619 ’
120 4596 227 4669 Nunc
241 4597 350 4668 iustas
366 4596 459 4666 vitae
472 4597 580 4687 leges,
605 4620 808 4693 poenasque
823 4603 1011 4690 malorum,

38 4745 40 4747 ·
172 4694 222 4770 Et
236 4699 407 4789 promissa
421 4699 517 4770 canit
531 4699 686 4792 praemia
704 4725 830 4793 magna
853 4704 931 4797 piis.
1026 4704 1028 4708 ⁴

1212 4266 1291 4340 Hoc
1306 4271 1400 4347 iuter
1413 4278 1516 4354 iussit
1530 4295 1626 4357 tanta
1642 4290 1772 4379 pericla
1786 4294 1871 4371 frui.

1162 4371 1223 4444 Sic
1240 4375 1350 4464 patris
1365 4381 1502 4452 aeterni
1517 4385 1642 4458 dicunt
1657 4390 1860 4466 dulcissima
1877 4405 2001 4490 verba,

1212 4471 1287 4544 Nos
1299 4501 1424 4552 omnes
1437 4508 1576 4578 semper
1590 4514 1680 4583 quae
1695 4497 1899 4573 meminisse
1915 4509 2028 4582 decet.

1161 4572 1353 4649 Doctorem
1368 4608 1492 4656 verum
1516 4612 1694 4687 panesque
1708 4599 1894 4695 undasque
1908 4609 2068 4695 salubres

1215 4677 1368 4755 Munera
1382 4688 1444 4757 sed
1460 4691 1561 4762 vobis
1576 4717 1656 4765 cum
1671 4722 1775 4771 cruce
1795 4715 1893 4779 tanta
1909 4712 2016 4787 daho·

121 4798 220 4874 Haec
234 4799 343 4889 igitur
358 4795 501 4872 Cithara
517 4814 568 4871 est
588 4802 633 4871 ad
654 4815 812 4895 tempora
828 4807 1006 4900 quaelibet
1020 4821 1114 4901 epta,
1162 4777 1246 4851 ΝΜ
1267 4795 1388 4858 “men
1409 4813 1598 4864 mummii
1613 4812 1751 4872 V0⁸lr²0
1763 4802 1842 4875 ⁸5⁰0
1860 4810 1933 4883 fine
1949 4813 2068 4890 munch

87 4997 88 5000 Ἴ
152 4927 154 4931 ’
174 4897 365 4996 Aureaque
380 4903 419 4971 iu
435 4904 601 4976 manibus
618 4926 759 4999 semper
773 4902 933 4982 habenda
947 4911 1025 5006 piis.

1215 4880 1302 4955 Mox
1316 4889 1430 4962 aderit
1444 4894 1580 4965 cunctis
1594 4912 1686 4970 meta
1702 4915 1832 4978 statuta
1848 4915 1967 4999 malis,

1164 4980 1314 5056 Aeterni
1327 5006 1472 5080 gnatum
1487 4997 1675 5088 patristua
1689 5001 1832 5104 lumina
1843 5008 2004 5105 cernent,

1215 5085 1346 5163 Laesus
1361 5097 1495 5167 aeterni
1509 5098 1589 5170 lues
1601 5101 1722 5175 fruere
1737 5104 1817 5186 Dei.

1165 5186 1263 5260 llaec
1280 5214 1358 5286 spes
1371 5196 1522 5272 discenti
1535 5202 1670 5279 tribuat
1686 5209 1811 5283 solatia
1827 5230 1942 5289 cerus

1136 5270 1142 5350 l
1217 5288 1322 5367 Irrita
1338 5321 1412 5370 nou
1425 5299 1512 5375 fient
1525 5319 1608 5411 vota
1623 5308 1796 5406 laborque
1811 5314 1876 5409 pii.
