4546 5760
48 180 125 257 u·
191 133 683 313 'artsrouanmu
717 134 1093 242 commortua
1117 152 1202 257 ⁸ur
1233 150 1640 237 austerorum
1680 116 1802 239 aas.
1827 152 1930 239 arr.
2047 153 2139 283 ce
2243 193 2251 208 .

53 345 216 448 αἰσχρὸν
230 336 495 442 ἀνθρώποισιν
510 333 679 440 ἀλλήλων
694 335 806 432 κακὰ,
824 338 945 434 inquit
957 329 1057 407 Tbe-
1097 353 1187 402 nem
1206 352 1275 424 ego
1290 329 1411 401 iudico
1425 329 1629 401 molliorem
1641 354 1737 413 esse,
1763 352 1829 401 nec
1844 327 2042 410 contendo,
2067 321 2100 401 ti

52 480 138 527 seres
159 455 256 544 apud
271 450 501 543 Euripidem,
534 453 703 519 cadavera
727 443 935 536 Principum
957 440 1056 509 sanie
1104 437 1185 528 quis
1198 435 1384 514 dissentit,
1410 447 1514 528 teque
1531 429 1598 504 hac
1613 437 1658 504 de
1673 458 1711 503 re
1728 434 1975 505 contentiones
1989 428 2102 505 omilss

54 557 165 651 plena
181 557 343 628 abluens.
378 551 499 642 Quare
515 565 548 622 te
562 573 776 640 magnopere
793 571 872 631 oro,
892 569 938 614 ue
952 564 1055 631 aegre
1102 550 1176 608 tere
1197 540 1293 607 volo.
1346 534 1574 606 Ptolomaeus
1598 537 1636 604 in
1652 534 1812 606 Homero
1835 536 1962 606 maluit
1982 536 2098 626 legere

53 660 216 730 ieras-ad
239 670 274 728 te
299 654 409 725 scribi
429 656 474 723 de
498 647 566 723 hoc
585 647 910 738 molesto‘negotio.
959 642 1055 715 Puer
1101 637 1205 719 nior,
1231 662 1312 709 cum
1329 635 1564 709 Grammatici
1587 639 1741 728 legerent
1764 639 1835 712 ἴον.
1886 637 1960 709 Nec
1978 639 2098 723 credo,
2154 642 2157 649 '

54 775 131 847 est,
156 774 263 830 aetus
278 755 433 828 Doctore
450 750 685 843 'theologiae
713 766 852 845 pastore
874 745 1054 820 Ecclesiae
1100 755 1286 833 propterea
1306 741 1555 829 grammaticos
1570 741 1786 811 seditionem
1804 740 1965 811 movisse.
2015 735 2098 809 Ob-

24 926 27 933 .
54 854 244 934 Cellense
267 859 308 928 in
320 859 462 930 Ducatu
475 855 766 945 Larueburgensi,
797 853 875 922 viro
898 845 1053 919 honesto
1099 866 1217 930 secro,
1239 857 1283 916 ut
1306 843 1533 915 concordiam
1558 855 1594 913 et
1617 844 1912 935 tranquillitatem
1934 865 2097 912 commu-

55 979 94 1037 et
117 984 284 1056 paupere.
335 957 428 1031 Cum
453 970 571 1028 autem
595 958 702 1047 longo
723 957 794 1025 iam
816 969 976 1044 tempore
990 952 1053 1020 de·
1099 969 1183 1014 nem
1215 946 1364 1037 privatis
1396 945 1582 1017 affectibus
1613 945 1830 1020 anteieratis.
1881 942 1978 1014 Bene
2004 943 2095 1016 vale.

53 1066 233 1137 termam
254 1064 302 1133 sit
322 1061 423 1133 tetris
444 1059 643 1144 ulceribus,
679 1060 862 1130 adducunt
884 1077 965 1123 eum
989 1051 1051 1122 Li·
1099 1042 1168 1119 Die
1181 1050 1242 1122 2³.
1258 1046 1394 1119 Martii.

52 1167 173 1262 psiem
197 1163 414 1257 propinqui,
451 1173 493 1245 ut
514 1161 724 1252 inspiciatur
744 1184 784 1230 ac
804 1157 984 1227 iudicetur
1005 1175 1051 1221 an
1285 1160 1295 1175 ·
1513 1232 1515 1237 ,
1611 1159 1802 1258 Philippu,
1818 1159 2069 1239 Melantho&

54 1271 107 1341 sit
128 1268 259 1358 Lepre.
314 1265 442 1337 Nescio
466 1287 513 1332 an
538 1264 708 1334 usitatum
732 1263 779 1332 sit
801 1259 880 1331 istic
898 1253 1052 1329 iudicari
1557 1270 1561 1278 ·

54 1366 154 1445 bene
176 1393 271 1449 rem,
302 1381 367 1438 aut
387 1366 451 1460 qui
476 1365 647 1438 iudicent.
696 1362 988 1452 Tetricorum,
1012 1372 1053 1429 ut

54 1467 140 1558 his,
162 1470 229 1565 qui
243 1493 395 1562 puerum
409 1469 603 1550 adducunt,
629 1490 695 1558 pro
708 1480 769 1537 tua
782 1462 912 1535 eximia
925 1457 1053 1535 huma-
1894 1467 1950 1545 ῳ

54 1575 192 1658 nitate,
220 1572 357 1641 indices
379 1569 539 1657 collegii,
579 1583 614 1639 et
635 1570 735 1638 urbis
758 1581 893 1641 vestrae
915 1585 1050 1632 morem
1113 1562 1180 1638 No.
1199 1565 1312 1636 7031.
1960 1580 1991 1639 ι,
2008 1566 2095 1637 Meti.

54 1672 127 1747 bac
147 1676 187 1744 in
209 1698 265 1760 re,
296 1674 380 1743 etsi
403 1672 573 1741 usitatum
595 1683 648 1740 est
670 1671 746 1740 istic
769 1667 951 1761 aliquibus
967 1659 1053 1732 haec
1106 1661 1318 1703 Μ
1957 1665 2094 1694 Μ

56 1778 237 1862 iudicare,
263 1795 418 1867 exponas
434 1773 520 1865 quid
538 1774 712 1861 agendum
730 1773 780 1841 eis
797 1771 853 1842 sit.
892 1765 1054 1836 Veniunt
1402 1769 1516 1857 Imp·
1543 1769 1793 1857 sempera

56 1892 101 1950 nt
117 1875 293 1969 hospites,
312 1875 426 1968 ignari
445 1869 572 1942 harum
589 1898 720 1943 rerum.
772 1870 851 1944 Oro
867 1868 987 1959 igitur,
1013 1883 1055 1936 ut

57 1980 100 2049 in
117 1992 216 2051 tanta
232 1981 334 2068 pueri
348 1976 488 2046 miseria
514 1971 714 2066 hospitibus
736 1976 884 2044 comiter
905 1991 1053 2061 respon-

56 2083 158 2200 ἀφ’·
197 2078 625 2199 Beueit'stficimwle’
650 2075 946 2148 vi²d⁰⁰ti⁸⁸i⁰m
980 2069 1053 2140 Μ’
1102 2085 1304 2221 Philippus
1319 2114 1547 2191 llIelanthon
1574 2116 1601 2190 I
1608 2129 1683 2191 nst
1692 2117 1760 2192 oS
1768 2114 2001 2205 etaltera,
2027 2112 2099 2186 civi

57 2205 118 2253 urs
132 2181 414 2305 Septembribus.
1226 2212 1229 2221 ·
1308 2214 1504 2334 ζητῆσαί),
1529 2223 1748 2305 amicam,
1781 2224 1820 2299 S
1842 2222 1888 2299 D·

1170 1953 1189 2021 ἰ’
1209 1942 1246 2003 F:
1258 1966 1352 2023 apogr.
1366 1947 1394 2003 in
1408 1949 1471 2006 sod.
1483 1948 1567 2007 Gott.
1580 1948 1641 2007 212
1660 1969 1686 2023 p.
1702 1948 1762 2005 106.

1103 2361 1261 2468 Semper
1280 2376 1318 2445 iu
1336 2392 1525 2466 conspectu
1543 2377 1649 2446 bonis
1663 2378 1844 2448 mentibus
1865 2373 1950 2447 haec
1966 2368 2096 2443 Plato-

1104 2479 1164 2547 nis
1188 2477 1361 2548 sententia
1384 2500 1459 2546 esse
1482 2480 1649 2558 debebat,
1684 2481 1849 2551 videlicet
1875 2487 2028 2572 gratam
2051 2468 2096 2544 de

1102 2579 1185 2650 Deo
1194 2581 1349 2679 samam
1368 2577 1407 2647 in
1423 2577 1569 2649 ortibus
1584 2603 1766 2674 sparsam
1777 2604 1871 2666 esse,
1904 2603 1992 2673 quas
2013 2576 2095 2672 qui-

1104 2688 1184 2759 dem
1200 2685 1229 2753 si
1246 2683 1479 2771 cogitaremus
1495 2694 1530 2751 et
1545 2681 1609 2753 Dei
1627 2684 1666 2751 in
1680 2685 1784 2753 nobis
1801 2708 1908 2776 opera
1924 2696 1958 2752 et
1974 2681 2094 2773 aliquo

415 2744 482 2831 1⁰·
514 2747 707 2858 sager&
1104 2787 1211 2855 modo
1235 2798 1339 2855 testes
1363 2786 1407 2852 de
1428 2782 1504 2853 Deo
1528 2807 1622 2869 esse,
1648 2786 1759 2874 magis
1781 2787 1885 2856 etiam
1907 2805 2096 2855 venerare-

69 2544 143 2625 No.
160 2548 274 2622 7000.
891 2560 951 2621 ts.
966 2548 1057 2612 Mart·

61 2650 273 2686 Μ
779 2664 780 2668 =
886 2640 1056 2666 m

130 2912 320 2983 stupore.
335 2908 539 2965 lucraveris.
557 2909 637 2965 tnta
653 2909 722 2964 tat.
753 2938 783 2950 -
818 2907 964 2964 bocenaio
984 2915 1058 2962 ueto
1104 2912 1196 2961 mur.
1231 2886 1349 2976 Quam
1366 2885 1517 2955 illustria
1534 2887 1735 2959 testimonia
1752 2902 1835 2957 sunt
1850 2883 1985 2957 tleDeo
2002 2886 2096 2972 leges

166 2981 486 3050 aecutttttsertpeeesc
885 3048 888 3054 .
1106 3004 1252 3059 naturae
1274 2990 1312 3057 iu
1335 2987 1515 3056 mentibus
1536 2983 1741 3072 bominum,
1773 3012 1863 3081 quae
1892 3007 2096 3058 commoue-
2195 3042 2198 3047 .

66 3135 293 3213 Clarissimo
310 3139 406 3221 viro,
431 3130 634 3208 eruditione
648 3145 679 3207 et
695 3135 823 3207 virtute
838 3134 1057 3230 praestanti,
1104 3094 1239 3162 famum
1261 3113 1327 3159 ¹¹⁰⁸
1342 3113 1415 3158 '¹⁰¹¹
1434 3090 1568 3170 ⁸⁰¹⁰m’
1594 3103 1634 3158 ut
1648 3113 1721 3158 ⁰⁸⁸⁸
1735 3088 1849 3160 Deum
1867 3102 2020 3160 mentem
2036 3110 2096 3161 ³⁶³

68 3239 109 3314 D
144 3240 165 3311 I
310 3240 318 3256 ·
332 3237 362 3309 S
550 3234 598 3307 do
662 3238 740 3309 sp·
895 3236 970 3309 lp·
1105 3208 1263 3277 ternam,
1286 3191 1446 3282 opificem
1464 3204 1807 3277 rerumstatuamus,
1831 3194 1891 3261 sed
1909 3193 2014 3260 etiam
2028 3189 2098 3258 do·

112 3298 122 3317 '
174 3266 314 3312 mm
368 3263 526 3335 αἶψ’
600 3263 690 3308 “m
724 3264 878 3334 mgnum
911 3264 1057 3355 amasn
1105 3311 1207 3378 cent,
1249 3295 1365 3386 qualis
1390 3293 1436 3362 sit
1462 3290 1577 3378 Deus,
1618 3294 1749 3362 scilicet
1775 3294 1935 3384 sapiens,
1972 3292 2098 3373 iustus,

68 3357 285 3440 “gramm
308 3366 347 3412 ἠ
370 3341 513 3436 ''wlff“
538 3338 626 3412 ‘ffb‘
646 3338 907 3423 melam’
938 3364 1059 3411 amm
1105 3400 1194 3467 daras
1209 3396 1365 3488 aequalia
1382 3393 1605 3486 aequalibus,
1626 3396 1957 3478 beneficus‚verax,
1975 3413 2099 3462 amans

525 3469 603 3514 ‘wo‘
1106 3498 1312 3568 castitatem.
1364 3496 1416 3565 lta
1434 3491 1667 3567 Arithmetica
1686 3497 1783 3567 testis
1801 3511 1864 3579 est,
1888 3493 2005 3566 Deum
2024 3516 2097 3583 esse

67 3583 115 3671 S.
142 3597 188 3669 D.
240 3593 428 3665 Carissime
446 3590 594 3689 Sagen.
639 3593 750 3666 Ludit
768 3590 956 3664 Erasmus
971 3595 1059 3664 scri·
1105 3612 1261 3670 mentem
1292 3598 1547 3686 intelligentem
1571 3598 1720 3670 ordinis.
1782 3596 1824 3667 ln
1851 3596 1988 3668 Musica
2012 3618 2097 3664 vero

69 3701 175 3784 bens,
208 3696 383 3768 Cadmum
420 3698 640 3767 inventorem
676 3698 858 3768 literarum
892 3698 1060 3789 sparsisse
1106 3728 1186 3773 cum
1211 3699 1349 3770 ordinis
1368 3711 1403 3767 et
1416 3700 1690 3789 proportionum
1705 3701 1867 3770 doctrina
1884 3700 1994 3783 inest,
2018 3711 2097 3768 tum

10 3800 12 3849 5
70 3804 191 3870 dentes
216 3799 390 3870 Draconis
412 3801 450 3867 in
474 3815 625 3882 terram,
656 3798 692 3869 id
717 3811 767 3868 est
788 3799 917 3870 literas.
970 3796 1059 3867 lude
1107 3800 1797 3895 veroquadampeculiarisvislacce'dit,
1818 3805 1914 3896 quod
1933 3799 2099 3871 videlicet

10 3968 12 3977 ,
69 3904 201 3974 'dicitur
227 3915 308 3971 nata
336 3924 431 3991 seges
456 3914 673 3970 armatorum
699 3902 794 3970 inter
820 3925 856 3969 se
885 3901 1060 3969 dimican-
1106 3931 1186 3976 cum
1207 3904 1296 3973 aliae
1319 3928 1375 3972 res
1399 3925 1588 3994 corporeae
1609 3929 1682 3972 non
1700 3917 1845 3993 tangant
1861 3918 2018 3988 mentes,
2042 3915 2098 3971 ta-

10 4004 12 4049 ἶ
62 4007 169 4078 tium.
222 4001 301 4071 Etsi
324 4002 449 4092 magna
467 4018 551 4072 sunt
569 4003 751 4073 literarum
771 4004 981 4081 certamina,
1007 4017 1060 4073 ta·
1098 4031 1191 4077 rnen
1224 4002 1431 4076 barmoniae
1465 4005 1618 4075 musicae
1650 4030 1776 4075 vocum
1807 4005 2020 4079 mirabiliter
2043 4002 2098 4083 fe:-

65 4126 149 4175 men
166 4118 200 4173 te
218 4099 360 4189 hortor,
387 4117 427 4174 ut
442 4119 555 4175 taceas
570 4105 706 4195 potius,
732 4107 762 4174 si
779 4105 860 4200 quis
885 4121 918 4174 te
938 4129 1060 4195 repre·
1098 4111 1225 4193 siunt,
1252 4122 1413 4177 recusant
1427 4106 1577 4178 animos.
1626 4104 1790 4200 Denique
1805 4129 1968 4196 maguam
1982 4104 2098 4179 verie-

10 4226 13 4299 t
65 4201 223 4287 tendat,
249 4230 353 4298 qnam
370 4218 411 4276 ut
427 4216 568 4276 moveas
586 4220 781 4288 certamen,
803 4207 1058 4277 undedlssidia
1097 4226 1212 4283 tatem
1236 4225 1397 4278 macrum
1425 4209 1463 4275 in
1487 4209 1618 4277 aniciis
1640 4210 1873 4293 exsuscitant,
1903 4233 1968 4278 nec
1993 4228 2098 4284 musa

10 4304 13 4375 l
69 4309 202 4381 studia
218 4306 305 4377 oriri
326 4330 424 4397 posse
440 4309 668 4379 videbuntur.
710 4307 826 4379 Multa
841 4325 925 4379 sunt
940 4309 1060 4400 publi·
1106 4315 1175 4384 alia
1198 4313 1389 4381 morestrnri
1415 4323 1546 4400 potest,
1579 4311 1648 4380 nisi
1674 4313 1836 4402 cognatio
1861 4310 1990 4379 mentri
2014 4332 2097 4379 curu

69 4434 125 4483 tae
140 4409 398 4503 tranquillitati
413 4414 659 4480 condonanda.
711 4406 759 4481 Et
773 4436 892 4502 saepe,
919 4426 958 4481 ut
973 4409 1059 4479 Pin·
1108 4418 1182 4508 ipsa
1205 4413 1476 4505 proportionum
1499 4414 1673 4487 doctrina.
1727 4413 1776 4483 lta
1802 4437 1881 4482 cum
1908 4413 1947 4481 in
1970 4411 2099 4481 ordine
2202 4450 2206 4455 ·

68 4516 177 4584 derue
193 4512 323 4605 inquit,
345 4536 450 4601 parva
467 4513 620 4584 scintilla
635 4533 797 4604 maguam
812 4514 946 4610 sylvam
962 4538 1061 4582 com-
1108 4542 1254 4602 rumim,
1281 4517 1405 4607 etipsa
1422 4528 1539 4585 mente
1555 4511 1741 4585 homiuum
1759 4517 1928 4605 impressa
1945 4514 2017 4584 sint
2031 4512 2099 4585 Dei

60 4614 179 4686 burte.
226 4612 308 4703 'Ego
325 4615 492 4683 usitatum
510 4618 708 4685 sermonem
727 4640 826 4700 amo,
853 4641 918 4686 nee
938 4616 1058 4685 omnia
1109 4619 1273 4709 vestigia,
1299 4616 1438 4688 Musica
1460 4619 1503 4685 ad
1519 4616 1584 4688 Dei
1607 4619 1923 4705 considerationem
1947 4617 2099 4687 invitare

70 4740 106 4787 er
131 4717 322 4809 poetarum
346 4717 449 4786 dictis
470 4719 714 4788 transferenda
741 4732 824 4789 sunt
841 4723 884 4787 ad
900 4743 1060 4789 commn-
1108 4747 1174 4793 nos
1199 4723 1358 4790 debebat.
1411 4721 1463 4789 Ac
1479 4721 1640 4789 omnium
1658 4736 1857 4808 temporum
1875 4713 2022 4789 historia
2037 4716 2098 4786 iu»

71 4842 148 4889 nem
186 4841 398 4887 sermonem.
460 4817 554 4889 lllud
586 4833 721 4889 autem:
739 4828 748 4839 '
762 4844 923 4916 peragar
950 4819 1060 4891 vibice
1105 4826 1220 4909 dicat,
1252 4823 1438 4914 praecipue
1463 4824 1667 4892 attributam
1691 4845 1765 4890 esse
1788 4821 1908 4911 generi
1928 4816 2097 4897 humano,

71 4926 260 5003 aventus,
282 4920 442 4989 existimo
459 4922 593 4992 dictum
615 4944 689 5007 esse
705 4924 837 5018 forensi
858 4948 977 5010 more,
1004 4938 1059 4993 ut:
1107 4943 1147 4998 nt
1163 4951 1227 5017 per
1238 4949 1317 4996 eam
1331 4925 1492 4995 doctrina
1511 4927 1555 4993 de
1570 4924 1644 4996 Deo
1660 4938 1891 5015 propagetur,
1915 4936 1955 4993 ut
1969 4923 2099 4992 arden·
2190 4934 2199 4947 '

72 5042 231 5118 peragar
248 5018 419 5117 publicus
436 5044 495 5092 ore
510 5046 591 5093 reus
600 5050 614 5101 ;
641 5037 681 5093 ut
697 5022 807 5094 vibice
824 5026 998 5115 pertineat
1014 5030 1058 5097 ad
1096 5032 1216 5100 tiores
1257 5042 1375 5098 motus
1419 5030 1456 5095 in
1491 5027 1713 5097 auditoribus
1745 5027 1928 5097 doctrinae
1961 5022 2098 5094 efficiat.

74 5148 192 5194 rocem
216 5131 402 5209 cruentus,
428 5138 462 5195 et
480 5149 640 5220 peragar
660 5125 704 5196 sit
721 5129 873 5219 positum
887 5128 1060 5202 absolute.
1106 5137 1256 5224 benrper
1279 5131 1380 5199 enim
1412 5131 1495 5199 inde
1518 5153 1629 5223 usque
1652 5130 1696 5199 ab
1719 5128 1823 5198 initio
1845 5126 1969 5199 mutuli
1990 5124 2099 5197 sacris

75 5221 223 5316 Peragor
238 5239 279 5294 ut
291 5251 390 5295 reum
408 5226 558 5297 dicimus
575 5228 712 5317 peragi,
737 5254 776 5299 ac
790 5230 839 5300 sic
856 5254 1005 5322 peragar
1020 5247 1059 5302 ut
1107 5236 1235 5305 ritibus
1258 5249 1382 5304 cantus
1405 5227 1556 5302 adhibiti
1580 5246 1675 5305 sunt.
1728 5226 1941 5299 Aristoteles
1962 5241 2033 5298 tres
2048 5226 2098 5297 ait

77 5328 137 5397 sim
154 5329 270 5399 vibice
287 5343 464 5400 cruentus.
516 5328 619 5402 Hanc
634 5331 799 5426 syntaxin
815 5345 851 5403 et
862 5337 1059 5407 enarratio-
1106 5360 1182 5408 esse
1196 5338 1302 5424 fines,
1334 5350 1480 5429 propter
1501 5359 1590 5431 quos
1606 5334 1745 5423 Musica
1760 5330 1899 5405 homini
1915 5346 1951 5403 et
1963 5333 2046 5403 data
2062 5341 2098 5403 st
