4546 5760
89 208 106 281 ι
412 199 666 286 scamna
698 198 775 279 an
806 195 1004 277 varan
1030 132 1105 269 nr
1138 190 1372 270 oarruu
1405 188 1704 269 uersare.
2002 192 2080 271 soe

139 376 274 455 Docuit
295 393 415 453 autem
442 382 483 453 iu
508 376 629 453 schola
650 376 898 471 Vitebergensi
928 373 1034 445 annis
1084 366 1197 457 Eum,
1232 369 1296 466 qui
1322 366 1532 464 Philippum
1566 384 1830 465 praeceptorem
1861 394 1965 441 suurn
1987 392 2077 439 .non

90 482 141 557 ¹all
159 508 234 556 uon
247 485 531 579 unamaliquam
546 487 663 557 solum
680 497 814 570 artem,
838 482 900 552 sed
913 476 1034 550 omui·
1085 487 1269 564 agnoscat,
1300 474 1482 566 stupidum
1505 488 1540 545 et
1562 476 1733 546 stolidum
1758 497 1833 544 esse
1852 473 2012 553 asinum,
2042 484 2078 541 et

113 611 257 673 omnes,
288 588 380 659 sicut
404 587 567 658 omnium
592 588 729 680 peritus
759 595 851 671 erat,
884 580 1035 671 singulis
1086 576 1262 662 hemum,
1288 577 1350 669 qui
1363 576 1545 669 opinione,
1571 592 1605 648 et
1620 578 1747 648 fiducia
1763 576 1898 666 ingenii
1915 572 1970 643 sui
1983 573 2077 643 lera-

90 692 168 763 rbus
186 692 289 760 binas
303 686 427 775 horas,
453 690 581 760 ordine
596 714 659 783 per
675 703 788 761 totam
801 685 1034 779 septimanam
1085 693 1164 765 tur,
1187 692 1221 750 et
1242 693 1393 769 regatur.
1445 678 1536 749 Nam
1560 680 1730 774 quicquid
1756 702 1905 773 usquam
1930 677 1968 744 in
1989 675 2077 746 arti-

90 792 256 867 tionibus
269 792 491 879 distributis,
516 793 618 863 utilia
640 814 845 885 proponens
859 784 1036 857 auditori·
1085 784 1153 851 bus
1175 794 1211 853 et
1232 806 1315 852 vera
1340 776 1565 875 philosophia
1587 782 1757 863 sciamus,
1784 777 1852 851 hoc
1867 773 2077 870 Philippum

90 919 124 967 s:
151 894 287 966 Verum
308 896 491 965 communi
511 889 709 982 Ecclesiae,
735 908 769 964 et
789 890 947 983 Reipub.
960 887 1035 957 uti·
1085 898 1273 976 praestare.
1326 881 1450 955 Titulo
1472 885 1617 979 quidem
1639 879 1788 969 humili,
1813 880 1980 972 Magistri
2003 901 2078 949 csse

91 998 135 1069 sti
157 998 372 1084 inserviens,
407 1010 617 1093 tantumque
637 998 801 1068 docendo
822 991 973 1087 proiecit
994 990 1035 1057 iu
1085 988 1314 1077 insignitum,
1339 988 1399 1056 sed
1418 987 1524 1077 longe
1541 987 1709 1057 excellere
1724 986 1893 1057 omnibus
1909 980 2078 1054 Doctori·

91 1100 232 1185 mibus,
265 1112 439 1194 quantum
464 1100 525 1169 vix
548 1101 635 1170 alias
660 1098 793 1191 singuli
814 1095 1035 1167 Professores
1087 1092 1163 1160 bus.
1215 1087 1288 1159 Nec
1310 1112 1512 1183 quenquam
1536 1112 1611 1159 esse
1632 1090 1672 1159 in
1691 1090 1797 1160 terris
1812 1087 1886 1157 suis
1902 1084 2077 1175 tempori·

93 1203 248 1295 singulis
262 1202 418 1288 artibus,
443 1200 549 1274 Unde
564 1202 736 1273 divinitus
751 1198 958 1276 excitatum,
980 1196 1036 1263 fa·
1086 1190 1206 1263 busin
1219 1214 1283 1261 suo
1298 1215 1426 1282 genere
1441 1193 1508 1261 sub
1521 1191 1605 1277 sole,
1629 1191 1762 1263 talibus
1776 1190 1883 1260 donis
1896 1202 2077 1260 ornatum.

91 1318 185 1377 eest
208 1305 341 1379 videre.
392 1302 598 1397 Discipulos
622 1299 767 1385 habuit,
800 1315 836 1372 et
854 1300 1036 1379 auditores
1087 1290 1173 1364 ldeo
1189 1295 1525 1385 magnifacieudum.
1559 1293 1733 1384 Quivero
1748 1289 1975 1365 hunericum
1990 1312 2078 1359 con-

91 1406 192 1499 gulis
205 1406 428 1498 temporibus
443 1408 652 1503 plerumque
668 1406 724 1477 bis
745 1404 865 1490 mille,
890 1416 925 1473 et
941 1402 1037 1471 inter
1087 1408 1241 1478 temnat,
1273 1421 1354 1467 eum
1384 1398 1490 1467 etism
1516 1420 1636 1467 coram
1657 1399 1737 1469 Deo
1762 1399 1841 1466 fore
1871 1392 2078 1484 ignobilem.

92 1506 333 1603 sPrineipes,
353 1506 530 1596 Comites,
555 1508 714 1581 Berones
740 1533 780 1579 ac
803 1504 942 1599 generis
968 1526 1036 1572 no-
1085 1496 1268 1570 Hactcnus
1285 1492 1477 1574 Lutherus.

93 1612 182 1687 itate
202 1624 420 1707 praestantes
437 1612 624 1705 plurimos.

1187 1682 1320 1774 Magna
1335 1696 1422 1755 suut
1436 1678 1524 1753 haec
1538 1683 1668 1772 fateor,
1692 1681 1911 1755 ornatissimi
1924 1675 2079 1751 Audito-

146 1810 207 1887 Ad
239 1813 366 1888 Titum
397 1813 543 1887 Livium
577 1818 623 1889 de
653 1816 791 1890 upgmffg
823 1810 1037 1905 fflgpgffige,
1086 1811 1161 1868 res,
1187 1810 1278 1880 quae
1300 1782 1471 1857 hacteuus
1494 1788 1538 1856 de
1557 1782 1666 1858 huius
1682 1788 1753 1857 viri
1769 1786 1917 1869 studiis,
1943 1780 2079 1853 labori-

92 1916 317 2013 eltimmque
343 1918 493 2004 ῆῃῑὴω,
527 1923 700 2014 quogdam
724 1918 860 1989 ,enim
880 1914 1035 1989 Romam
1087 1891 1174 1975 bus,
1198 1888 1364 2009 scriptis,
1389 1902 1425 1960 et
1451 1888 1588 1960 meritis
1616 1890 1656 1960 in
1682 1888 1863 1981 Rempub.
1886 1883 2080 1955 literariam

92 2022 205 2103 imus,
261 2016 481 2116 Pythagora,
503 2020 758 2115 Memphitica
786 2034 901 2105 meg,
933 2013 1035 2086 plato
1086 1992 1228 2063 anobis
1241 2006 1325 2063 sunt
1342 2006 1635 2078 commemorata,
1659 2005 1693 2062 et
1707 1992 1940 2063 sufficiebant.

93 2130 266 2219 gypsum,
292 2138 329 2194 et
343 2117 527 2193 Architam
544 2124 781 2196 Tarentinum
799 2122 927 2193 adiisse
950 2116 1037 2187 scri·
1096 2148 1100 2153 ·

93 2248 160 2297 ‚urz
193 2219 253 2296 Ad
277 2221 373 2295 hunc
396 2247 482 2296 vero
508 2242 669 2299 nostrum
688 2226 927 2303 audiendum,
961 2242 1036 2289 non
1165 2176 1260 2249 'sed
1286 2191 1421 2248 ¹⁰⁸l³¹¹l
1444 2177 1514 2247 ²5³
1535 2176 1686 2247 malm·
1736 2174 1820 2247 N⁰¹¹
1845 2175 1942 2244 essim
1965 2174 2006 2242 5¹1
2022 2167 2080 2243 hiat

93 2328 146 2401 uci
158 2329 321 2423 quidam,
346 2351 412 2397 nec
428 2352 467 2397 ex
483 2354 566 2415 una,
592 2344 655 2401 aut
672 2329 779 2401 altera
794 2327 951 2417 regione,
975 2322 1036 2392 sed
1088 2279 1217 2399 sludiss
1241 2280 1416 2398 ⁸¹¹b⁸¹illle
1449 2303 1530 2349 ⁰⁰¹⁰
1554 2278 1626 2349 ³¹5⁰
1651 2302 1794 2397 ‘imque
1817 2275 1967 2347 ⁰⁰⁰⁸ffi⁰
1985 2276 2080 2345 divi·

107 2432 280 2501 omnjbu,
301 2427 516 2500 Germaniae
540 2433 628 2501 oris:
661 2427 710 2503 E,
734 2430 822 2526 quid
846 2428 926 2498 dim
944 2422 1038 2495 Ger·
1087 2397 1185 2453 nitus
1212 2397 1301 2452 esset
1324 2394 1513 2465 exortatus,
1547 2394 1582 2451 et
1602 2380 1881 2468 Wrtenbergam
1906 2391 2080 2448 evocatus.

93 2534 205 2619 inire,
227 2531 304 2602 lmo
320 2555 361 2601 ex
376 2534 544 2603 omuibus
563 2535 820 2627 propemodum
836 2529 945 2601 totius
960 2522 1037 2596 Eu·
1089 2485 1197 2574 Qu⁰d
1211 2482 1445 2557 Reverendffi
1457 2483 1513 2553 ”if
1526 2480 1572 2559 D·
1587 2480 1722 2553 D⁰⁰l⁰¹
1737 2480 1919 2552 M²¹ll¹¹¹¹⁸
1931 2470 2081 2549 Lulhl·

94 2660 151 2707 ,π
183 2634 379 2727 provincii,
413 2650 448 2706 et
480 2636 619 2724 regnis,
652 2660 693 2707 ex
723 2633 861 2719 Ganga,
895 2626 1038 2720 Angli&
1088 2611 1153 2708 sus
1175 2585 1370 2670 intellexit,
1402 2608 1469 2654 nec
1492 2584 1748 2665 dissimulavit,
1781 2605 1909 2673 nempe
1938 2594 1979 2653 ut
2003 2582 2080 2673 ipse

94 2736 248 2829 maria,
274 2736 574 2831 Transsylvania‚
604 2737 774 2823 polonia,
800 2730 939 2818 nauh,
965 2728 1039 2800 Bo·
1088 2702 1305 2808 instaurator
1325 2687 1547 2807 sincerioris,
1573 2702 1607 2758 et
1621 2710 1725 2757 verae
1740 2685 1924 2777 religionis
1942 2683 2080 2755 socium

94 2842 182 2923 mig,
202 2816 244 2911 'eg
261 2864 302 2909 ,x
319 2837 419 2909 papia
436 2863 579 2934 quoque
603 2841 697 2932 ipsa,
725 2838 802 2910 lmo
820 2862 863 2908 ex
878 2834 1038 2918 Graecia,
1088 2793 1239 2875 laboris,
1266 2804 1301 2859 et
1316 2785 1453 2860 Thesea
1468 2814 1508 2859 m
1529 2788 1762 2877 utustranda,
1787 2803 1823 2860 et
1835 2786 2081 2880 promovenda

94 2968 138 3015 na
170 2942 330 3012 nominis
356 2942 468 3031 ipsius
501 2944 659 3027 excitati,
694 2940 844 3035 plurimi
869 2940 1038 3013 omnibus
1090 2890 1287 2983 Th⁸⁰l⁰ssl⁸
1302 2886 1459 2963 bahem·

94 3046 267 3141 oporibus
280 3042 561 3134 Witenbergam
579 3046 841 3117 confluxerunt.
1191 3062 1283 3134 Nam
1305 3062 1353 3133 D·
1378 3058 1567 3155 Philippus
1590 3058 1825 3149 Methodum,
1866 3086 1935 3157 qua
1966 3058 2082 3143 inffia'

274 3245 321 3263 ,.
445 3243 455 3262 ,
489 3245 498 3263 ,
568 3245 577 3262 ,
619 3245 628 3262 ,
874 3245 883 3262 ‚
971 3243 980 3259 ,
1090 3188 1315 3259 progressus,
1345 3179 1381 3234 et
1401 3166 1489 3235 fines
1510 3190 1628 3237 rerum
1648 3168 1881 3257 indagantur,
1913 3177 1949 3233 et
1969 3184 2082 3252 genus

127 3244 248 3369 ,le
272 3259 383 3363 ’ΒΨ
407 3244 798 3364 mssl,¹⁸.d¹⁸⁰¹‚l³¹¹l⁰m¹¹¹
819 3258 929 3365 „mm”
946 3256 1039 3313 ime
1090 3269 1233 3339 dicendi
1250 3266 1463 3358 elegantius,
1492 3282 1644 3350 tersum,
1668 3269 1790 3355 lacile,
1816 3265 2021 3360 proprium,
2047 3277 2082 3333 et

95 3350 225 3423 “⁸¹¹⁰
248 3342 413 3466 h³l{¹¹¹⁵⁸²
437 3349 735 3466 ⁰¹¹⁸l¹m³l³¹¹⁰¹¹⁸r
767 3371 830 3441 (lm
850 3369 932 3416 ⁰⁰¹⁰
956 3369 1040 3436 Pm’
1090 3393 1282 3441 nervosum
1309 3364 1486 3442 adhibuit.
1545 3368 1641 3439 Hinc
1667 3372 1799 3442 factum
1825 3383 1901 3455 est,
1935 3380 1975 3437 ut
2000 3389 2080 3435 curn

95 3467 205 3527 ’Μ’
232 3452 422 3570 'mlwefea
458 3463 493 3568 ²}
521 3463 622 3567 bran·
639 3464 913 3568 Praecffplffleffl·
934 3469 1038 3565 *ΠΨ
1089 3495 1220 3562 magno
1242 3470 1405 3539 omnium
1433 3471 1605 3563 applausu
1631 3474 1761 3563 scripta
1789 3474 1900 3565 ipsius
1924 3470 1997 3539 sint
2020 3492 2117 3536 exn

95 3567 265 3635 ⁰⁰⁸⁰¹¹¹¹l2
291 3554 447 3647 'mleque
476 3576 514 3620 ¹¹¹
546 3575 664 3621 ΜΨ
690 3573 852 3642 ¹⁸8¹⁰¹¹²³
877 3551 1041 3640 d¹⁸Pffl¹2
1090 3588 1200 3665 cepta,
1226 3582 1259 3641 et
1272 3572 1397 3660 religio
1415 3596 1516 3658 vera,
1537 3574 1642 3643 etiam
1659 3576 1703 3643 ad
1719 3590 1855 3648 exteros
1871 3597 1933 3666 per
1950 3570 2081 3662 scripta

95 3682 186 3835 eppei
204 3678 292 3827 qrprps
320 3655 394 3725 illic
427 3667 739 3747 compararemnt,
772 3664 973 3749 exponunt,
1006 3665 1041 3721 et
1092 3691 1127 3747 eg
1141 3698 1205 3769 pe„
1220 3674 1413 3766 discipulo,
1434 3675 1480 3745 δὴ
1497 3689 1700 3767 propagata,

136 3786 157 3831 a
187 3783 272 3829 uu.

1193 3861 1314 3951 Quare
1331 3884 1406 3930 non
1424 3862 1532 3931 modo
1550 3862 1594 3930 de
1615 3860 1749 3931 mortui
1771 3860 1939 3930 laudibus
1958 3859 1997 3927 in
2015 3853 2081 3929 bac

149 3962 272 4057 Quid,
298 3962 523 4056 quodetiam
545 3961 757 4041 adversarii,
785 3960 846 4056 qui
866 3960 1042 4031 diversam
1092 3960 1262 4036 historiae
1284 3962 1491 4035 recitatione
1515 3965 1722 4054 cogitemus:
1749 3964 1809 4032 sed
1834 3961 1946 4033 multo
1970 3960 2082 4051 magis

109 4070 188 4165 ipso
202 4065 428 4156 Religionem
444 4065 585 4150 colunt,
611 4078 729 4134 tamen
754 4063 907 4135 lectione
929 4064 1043 4134 libro·
1092 4066 1275 4140 doctrinae
1298 4087 1426 4156 genus,
1459 4068 1554 4158 quod
1577 4065 1753 4159 professus
1776 4081 1847 4151 est,
1880 4062 2082 4135 considere-

96 4196 130 4243 m
153 4168 267 4263 ipsius
288 4167 533 4240 delectantur?
564 4166 684 4257 magui
710 4166 949 4237 eruditionem
972 4166 1042 4235 viri
1092 4192 1192 4255 mus,
1217 4192 1307 4262 quae
1328 4180 1380 4238 est
1400 4166 1509 4237 altera
1531 4190 1612 4258 pars
1627 4181 1770 4238 nostrae
1786 4161 1981 4237 Orationis.
2032 4160 2082 4233 Et

96 4274 205 4358 riuut,
237 4270 470 4357 industriam,
503 4282 538 4341 et
559 4268 802 4341 dexteritatem
823 4267 1041 4341 inducendo
1093 4272 1137 4341 de
1159 4270 1368 4341 admiranda
1390 4266 1568 4339 Ecclesiae
1599 4270 1855 4360 gubernatione
1876 4288 2081 4337 commone-

97 4373 301 4449 lrnirsntur?
1092 4374 1234 4444 fiamus:
1273 4370 1382 4461 Quod
1413 4370 1508 4441 lilius
1543 4368 1625 4458 Dei,
1663 4374 1789 4442 sedens
1822 4372 1868 4441 ad
1902 4371 2081 4438 dexteram

1094 4475 1227 4547 aeterni
1250 4472 1379 4566 patris,
1414 4474 1508 4542 dona
1533 4476 1594 4544 dat
1616 4470 1838 4558 hominibus,
1871 4465 2082 4564 Prophetas,

151 4572 203 4651 Et
216 4574 255 4646 in
272 4585 345 4646 tota
359 4571 554 4645 Germania
569 4594 692 4643 omncs
705 4568 913 4661 cathedrae,
938 4570 1042 4645 scho-
1093 4589 1128 4648 et
1140 4574 1313 4648 Doctores
1329 4574 1477 4646 idoneos
1492 4577 1643 4646 subinde
1665 4576 1839 4661 excitans,
1862 4574 1926 4669 qui
1948 4574 2082 4643 doctri-

97 4677 331 4772 eetpulpita,
345 4678 476 4769 scripta
491 4677 602 4768 ipsius
619 4690 760 4761 sonant,
778 4671 865 4748 haec
879 4678 1043 4749 omnium
1092 4702 1176 4748 nam
1200 4678 1404 4762 coelestem,
1437 4677 1612 4768 figmentis
1640 4673 1827 4748 hominnm
1849 4679 2083 4761 obscuratam,
2200 4740 2211 4751 ,

97 4782 236 4868 auibus,
260 4793 332 4850 tam
348 4802 553 4872 pueronrm,
576 4802 683 4872 quam
698 4778 902 4851 adultorum
919 4796 1042 4853 teruu-
1093 4780 1132 4849 iu
1155 4782 1272 4851 lucem
1294 4779 1496 4872 proferant,
1529 4794 1660 4851 statum
1683 4774 1862 4851 Ecclesiae
1885 4778 2081 4869 collapsum

98 4908 134 4973 r,
162 4882 261 4981 quod
289 4881 535 4953 testimonium
568 4894 620 4951 est
650 4879 977 4969 evidentissimum,
1009 4895 1044 4954 et
1093 4883 1310 4966 instaurent,
1357 4896 1392 4952 et
1425 4882 1633 4972 religionem
1668 4883 1896 4974 depravatam
1928 4880 2081 4972 pristino

98 4986 202 5057 iuime
223 4985 348 5070 fallax,
380 4984 510 5077 scripta
536 4977 622 5054 haec
649 4982 950 5056 immortalitatem
979 4979 1045 5055 ha·
1093 4984 1204 5057 nitori
1219 4983 1424 5070 restituant,
1448 5009 1519 5078 quo
1534 4982 1612 5055 Deo
1629 4983 1819 5075 colligatur
1833 5008 1936 5067 voce,
1962 4997 1997 5053 et
2013 4980 2082 5049 mi-

98 5100 182 5163 turs·
1094 5086 1241 5159 nisterio
1257 5086 1473 5174 docentium,
1498 5099 1618 5158 coetus
1632 5085 1774 5180 aliquis,
1797 5087 1859 5181 qui
1874 5085 1913 5154 in
1928 5079 1994 5155 hac
2009 5082 2083 5154 vita

295 5244 298 5249 ,
1094 5214 1175 5261 eum
1199 5214 1240 5261 ex
1255 5188 1472 5282 praescripto
1490 5188 1590 5259 verbi
1606 5188 1663 5260 sui
1687 5204 1780 5262 recte
1809 5198 1994 5280 agnoscat,
2022 5184 2083 5254 in-

152 5290 296 5383 Quibus
321 5292 430 5363 rebus
448 5304 584 5378 motus,
618 5289 676 5358 vir
697 5288 759 5360 ille
779 5284 847 5360 Dei
864 5287 1043 5363 Martinus
1092 5306 1213 5375 vocet,
1234 5306 1268 5363 et
1293 5290 1331 5359 in
1351 5284 1417 5362 hac
1439 5290 1634 5382 praesenti,
1660 5305 1696 5364 et
1710 5292 1750 5362 in
1764 5292 1885 5362 futura
1902 5288 1964 5359 illa
1979 5289 2083 5358 beata

99 5386 243 5467 otherus
284 5418 359 5465 uon
395 5394 548 5465 absurde
585 5392 717 5465 dixisse
757 5388 849 5464 mibi
882 5393 1043 5466 videtur:
1092 5394 1186 5478 vita,
1212 5418 1293 5467 cum
1308 5393 1450 5482 sanetis,
1475 5406 1510 5465 et
1525 5392 1628 5466 castis
1642 5388 1790 5488 Angelis
1804 5404 1973 5488 perpetuo
1989 5390 2080 5462 cele-
