4546 5760
612 99 625 134 ἱ

113 86 212 213 aaa
330 157 333 168 ·
472 80 476 97 ’
697 111 774 182 ’κ
862 127 1406 206 cauumuumnr.
1977 91 2102 224 'a

109 309 279 405 *Namque
301 322 363 389 tuo
386 320 508 380 sumtu
528 305 663 377 flavum
684 300 806 378 schola
828 304 971 377 conditu
987 307 1033 377 ad
1046 293 1113 375 At-
1167 298 1287 394 Quare
1296 328 1361 398 age
1370 310 1516 378 tandem
1529 311 1637 397 ansis,
1651 325 1686 384 et
1694 325 1854 384 sanctam
1865 317 2005 411 suscipe
2016 342 2102 392 caru

632 405 707 478 bim
723 420 786 489 cst,

170 511 222 586 Ut
237 514 329 587 vitae
345 538 470 585 verum
487 515 642 584 traderet
656 511 717 581 illa
734 511 893 585 modum.

119 616 189 688 llic
207 614 395 709 Evangelii
411 616 568 708 primum
584 614 745 684 doctrina
762 609 942 709 renata¹),

168 717 318 793 Deterso
334 720 449 811 coepit
462 742 551 812 pura
561 713 598 814 ²)
614 717 729 786 nitere
741 717 823 787 situ.

23 877 30 902 s
120 822 245 895 Induit
258 817 318 893 hic
333 845 436 892 veros
453 821 591 906 vultus,
617 819 821 912 iterumque
836 819 991 889 colorem

170 924 318 1018 Accepit
331 926 474 996 tandem
487 923 625 1013 relligio
640 923 716 1014 ipsa
732 944 849 992 suum.
975 991 977 996 ,

118 1027 168 1101 Et
184 1051 264 1100 cum
280 1026 454 1098 Germani
467 1026 649 1098 sumsisset
665 1048 761 1094 arma
780 1022 957 1118 Tyranni,

168 1128 301 1202 Contra
316 1127 553 1220 Evangelium
568 1139 758 1219 sanctaque
775 1125 869 1197 iussa
882 1123 963 1200 Dei.
1049 1131 1052 1141 '

116 1233 290 1307 Doctores
305 1232 372 1303 tibi
386 1256 469 1302 cura
484 1231 563 1323 pios
577 1231 766 1300 defendere
782 1228 862 1310 soli,

169 1331 219 1408 Et
233 1338 303 1408 late
318 1330 454 1406 Christi
468 1357 630 1426 spargere
646 1334 772 1421 dogma
788 1331 868 1405 init.

13 1419 20 1436 Ι
118 1437 265 1511 Histibi
281 1463 345 1530 pro
361 1436 498 1508 meritis
514 1451 611 1527 grata
626 1433 815 1528 praeconia
831 1457 916 1504 voce

169 1541 364 1620 Posteritas
377 1539 513 1624 omnis,
538 1538 664 1631 virque
679 1561 838 1630 puerque
852 1548 991 1610 canent.

117 1644 226 1717 Nulla
241 1660 319 1716 tuas
335 1666 495 1737 unquam
509 1633 658 1711 virtutes
674 1639 806 1736 nesciet
821 1653 928 1724 aetas,
1000 1652 1004 1695 3

168 1747 252 1820 Non
266 1748 323 1818 ius
336 1747 375 1815 in
390 1745 513 1815 laudes
528 1767 625 1813 mors
639 1737 745 1812 habet
761 1754 837 1812 atra
850 1757 939 1815 tuas.

560 1881 670 1950 Aliud.

116 2005 214 2076 Haec
228 2003 431 2098 quicunque
446 1998 545 2069 vides
561 1996 664 2065 oculo
683 2006 893 2086 properante
906 1990 1033 2076 viator,

166 2107 226 2178 Ad
240 2129 337 2176 sacra
350 2127 396 2173 ne
411 2102 528 2193 pigeat
542 2099 664 2168 sistere
680 2098 782 2166 busta
797 2097 934 2187 pedem.

122 2208 188 2280 llle
204 2199 268 2299 ego
283 2204 505 2287 Fridericus‚
530 2199 630 2270 Duce
647 2224 717 2293 quo
734 2198 888 2270 Saxonia
905 2196 989 2267 l‘elix

171 2309 296 2382 Ardua
311 2322 484 2379 sacratum
502 2302 596 2374 tollit
613 2303 658 2371 ad
674 2314 767 2372 astra
783 2314 899 2393 caput.
916 2383 919 2386 .
1010 2310 1012 2315 '

28 2395 31 2398 ⁴
119 2413 193 2504 Qui
209 2412 371 2508 quamvis
386 2423 459 2495 tota
473 2408 613 2477 arderet
629 2402 822 2474 Germania
840 2403 954 2484 hellis,
1031 2447 1033 2451 .

168 2515 283 2587 Effeci
296 2538 417 2607 pacem
431 2509 595 2602 gentibus
610 2529 683 2576 esse
698 2506 797 2575 meis.
905 2526 908 2535 ·

117 2619 165 2692 Et
179 2619 278 2690 senio
293 2616 437 2687 tandem
451 2610 568 2700 longis
584 2610 762 2678 coniectus
778 2609 823 2678 ab
841 2609 955 2694 annis,

168 2720 239 2791 Hic
254 2735 354 2808 tegor
368 2717 493 2806 exiguo
510 2713 674 2783 conditus
689 2710 729 2779 in
744 2712 895 2781 tumulo.

117 2824 301 2896 Virtutum
316 2820 439 2890 laudes
455 2829 489 2886 et
502 2816 633 2885 samam
651 2814 756 2903 longa
770 2838 929 2885 mearum

105 2908 111 2927 x
167 2923 358 2997 Posteritas
374 2943 530 3012 semper,
556 2917 602 2987 sit
617 2918 725 2986 modo
742 2930 857 3007 grata,
881 2917 981 2991 seret.

561 3060 671 3125 Aliud.

54 3189 57 3199 “
116 3184 295 3275 Principis
307 3176 366 3252 hic
380 3177 541 3249 tumulus
552 3170 729 3243 Friderici
743 3171 902 3241 continet
916 3193 1006 3256 ossa,

169 3286 286 3377 Quem
302 3283 435 3377 patriae
450 3292 585 3371 patrem
600 3276 729 3342 fecerat
744 3295 818 3341 esse
831 3269 937 3342 Deus.

119 3390 221 3461 Illius
237 3402 271 3457 et
285 3408 406 3455 manes
421 3384 477 3450 fac
493 3378 626 3472 optime
640 3371 781 3446 Christe
798 3373 990 3468 quiescant,

170 3488 332 3577 Molliter
346 3488 455 3580 inque
469 3484 552 3553 sinu
567 3502 668 3572 posse
683 3478 791 3549 latere
807 3491 880 3547 tuo.

117 3595 208 3666 Nam
224 3595 309 3662 dum
325 3589 397 3658 vita
411 3587 482 3659 suit
489 3637 501 3671 ,
530 3592 588 3655 tua
603 3605 701 3652 sacra
717 3580 870 3664 colebat,
895 3595 1039 3675 eratque

166 3695 278 3765 Nosse
292 3687 528 3785 Evangelium
544 3684 696 3764 maxima
713 3706 797 3753 cura
815 3681 904 3755 viro.

142 4058 209 4130 No.
225 4051 286 4128 51.

123 4153 295 4186 Μ

107 4298 112 4311 .
185 4256 217 4312 ln
228 4253 367 4326 farragine
379 4226 470 4307 Secer.
483 4250 550 4313 etin
564 4265 600 4319 op
620 4244 700 4301 ,Bas
713 4244 747 4299 Τ.
759 4243 793 4299 V.
807 4263 833 4316 p.
840 4243 901 4300 850.
936 4243 1018 4317 Apud
1027 4245 1105 4304 Vinc.

218 4344 248 4398 p.
263 4325 321 4379 118.
343 4351 371 4362 -
408 4319 481 4375 Coll.
493 4316 576 4391 Epist.
619 4316 655 4370 ol.
669 4315 690 4370 Ι.
703 4334 730 4388 p.
743 4314 807 4368 7³7.

313 4463 523 4540 Iohanni
563 4454 908 4555 Reiffenstein.

115 4604 292 4677 Promissa
309 4615 445 4673 estate
462 4599 566 4669 nobis
583 4597 719 4682 oratio,
748 4594 844 4674 lane,
914 4630 917 4635 ·

169 4704 269 4795 Quae
285 4718 496 4775 mercatores
513 4701 768 4792 vindicetausa
786 4704 876 4769 reos.

118 4809 231 4899 Regia
247 4808 348 4877 crede
365 4800 454 4875 mihi
470 4828 526 4873 res
542 4815 593 4872 est
609 4800 815 4882 defendere,
841 4798 871 4867 si
887 4799 944 4870 cui

166 4910 249 4982 Non
264 4909 380 5001 ipsum
396 4907 547 4986 crimen,
575 4905 635 4973 sed
651 4917 754 4973 nocet
769 4900 915 4973 invidia.

116 5012 165 5088 Et
178 5027 312 5104 tegere,
339 5023 374 5080 et
389 5032 529 5079 servare
544 5007 659 5076 bonos
673 5003 838 5075 facundia
853 5004 969 5083 dehet,

166 5113 389 5187 Praesidium
404 5112 519 5183 virtus
534 5108 667 5180 scilicet
684 5108 778 5183 istud
793 5100 911 5176 habet.

152 5283 178 5349 1)
196 5281 261 5334 Bas.
281 5285 308 5332 et
325 5277 387 5334 Sec.
404 5276 509 5333 addunt
527 5284 579 5331 est.

148 5352 180 5419 Ξ)
194 5367 267 5420 pure
285 5349 349 5403 Bas.

1058 3904 1078 3911 -
1092 3906 1107 3912 ..
1177 3845 1241 3915 No.
1257 3843 1318 3919 58.

1167 3942 1338 3972 Μ

937 4072 986 4113 an.
1003 4052 1097 4115 1525.

932 4140 1101 4171 w

1218 405 1324 478 lrrita
1339 434 1384 479 ne
1400 411 1527 482 fallant
1540 437 1606 483 uos
1619 426 1680 486 tua
1694 414 1789 486 dicta
1802 419 1924 494 modo.

1146 507 1386 581 'Conscissam
1403 537 1449 583 ne
1464 515 1566 585 vides
1579 518 1712 607 tragico
1727 520 1920 591 crudeliter
1934 525 2022 594 ore'i

1217 610 1347 700 Qualia
1362 617 1407 685 de
1423 617 1590 708 plaustris
1604 616 1726 691 Attica
1745 622 1849 692 turba
1866 638 1980 700 sonat.
2059 656 2067 667 ·
2088 635 2091 642 '

1166 711 1225 783 Tu
1242 712 1516 809 (benedicendo
1533 721 1690 792 convitia
1706 723 1849 794 vincere
1865 725 1943 798 laus
1957 726 2030 822 est)

1216 816 1335 889 Triste
1350 814 1445 889 nihil
1460 818 1623 893 meritam
1638 849 1724 893 voce
1738 841 1836 898 tuere
1851 829 1921 919 pia.

1163 917 1268 988 Hanc
1283 921 1349 991 tibi
1368 920 1577 994 Maeonides
1591 925 1717 996 divino
1733 930 1890 1000 carmine
1905 931 2041 1017 laudat,

1200 1018 1306 1095 :Cum
1322 1024 1475 1106 ferrum,
1500 1024 1694 1114 Temesen‘,
1719 1030 1795 1122 ipsa
1810 1030 1978 1104 Minerva
1995 1026 2102 1109 vehit

1164 1122 1397 1218 Ascraeique,
1421 1128 1515 1208 senis
1529 1130 1710 1202 celebrant
1725 1135 1887 1216 oracula,
1915 1146 2033 1208 canmt

1215 1225 1371 1297 Socratis
1383 1228 1423 1297 in
1439 1233 1574 1319 gremio
1591 1234 1653 1326 qui
1668 1237 1860 1307 recubabat
1875 1238 1966 1311 olor.

1163 1330 1266 1398 Aude
1283 1330 1391 1419 igitur
1406 1345 1630 1428 spretamque
1647 1337 1714 1427 piis
1729 1330 1912 1411 ulciscitur
1926 1340 2047 1426 armis,

1214 1429 1366 1502 Materia
1377 1433 1526 1523 ingenio
1543 1439 1711 1508 convenit
1731 1439 1794 1509 iata
1811 1455 1885 1515 tuo.

1154 1528 1325 1624 Ἄλκιμος
1337 1531 1429 1620 too’,
1449 1534 1516 1608 ἵνα
1530 1532 1586 1618 τίς
1601 1560 1642 1610 os
1656 1535 1720 1612 καὶ
1736 1536 1928 1642 ὀψιγόνων
1944 1535 1988 1616 εὖ
2001 1542 2095 1637 cini,

1213 1634 1310 1713 Haec
1324 1637 1391 1707 tibi
1406 1636 1617 1711 Maeonides
1631 1643 1792 1730 classica,
1816 1644 1919 1733 lane,
1943 1647 2053 1717 canit.

1947 2007 2013 2086 (eu.
2032 2006 2102 2071 1521

1937 2098 2102 2134 m

1232 2206 1263 2260 lu
1281 2187 1379 2278 iamag.
1400 2205 1491 2263 Secer.
1509 2219 1536 2265 et
1553 2210 1582 2264 in
1600 2229 1664 2284 opp.
1675 2212 1738 2269 Bas.
1755 2212 1787 2270 T.
1799 2216 1831 2271 V.
1850 2235 1878 2288 p.
1888 2215 1950 2274 351.
1985 2217 2100 2292 apost

1264 2285 1337 2331 cent.
1355 2295 1382 2348 p.
1398 2276 1456 2333 108.

1234 2435 1291 2508 Ad
1315 2440 1372 2507 la
1382 2458 1494 2552 num.
1512 2437 1543 2529 (i
1560 2463 1589 2512 e.
1604 2446 1783 2514 loannem
1798 2439 2083 2542 Reiffenstetn).

1163 2587 1205 2658 ln
1222 2613 1331 2659 coena
1348 2590 1498 2659 conviva
1515 2588 1604 2661 mihi
1621 2596 1822 2666 doctissime
1840 2595 1936 2681 lane,

1213 2690 1266 2761 De
1282 2686 1557 2787 Symphoniacis
1572 2720 1667 2765 unus
1682 2710 1716 2767 et
1730 2697 1819 2768 alter
1836 2702 1913 2771 erit.

1162 2791 1305 2886 Quique
1318 2790 1409 2886 χὲλυ
1425 2795 1544 2883 digitis
1559 2798 1692 2887 argutis
1708 2798 1826 2881 ludat,
1853 2805 1975 2875 adesse

1174 2896 1177 2902 ’
1213 2896 1270 2966 Ad
1288 2910 1426 2966 nostras
1441 2898 1562 2988 epulas
1578 2897 1662 2968 lane
1679 2906 1859 2990 rogandus
1873 2908 1951 2993 erit,
2094 2978 2097 2984 ,

1161 2996 1243 3067 Non
1259 2993 1356 3067 hunc
1372 3001 1475 3068 crede
1489 2994 1581 3069 mihi
1597 3003 1660 3094 qui
1677 3001 1806 3073 Martis
1820 3007 1914 3078 furta
1930 3012 2085 3096 canebat,

1212 3099 1310 3169 luter
1325 3095 1494 3191 phaeacas
1512 3101 1640 3174 vicerit
1654 3105 1714 3173 ille
1730 3129 1847 3181 senex.

1160 3197 1328 3271 Carmine
1343 3203 1372 3271 si
1387 3203 1504 3273 tristes
1521 3205 1633 3273 animi
1648 3208 1822 3297 depellere
1837 3233 1951 3296 curas,

1214 3303 1359 3374 Viribus
1375 3318 1410 3375 et
1424 3306 1523 3377 sessis
1539 3307 1614 3376 ocia
1630 3333 1738 3399 parva
1756 3334 1873 3401 paras:

1160 3403 1242 3476 Huc
1255 3408 1339 3476 ades
1354 3407 1449 3478 ultro
1466 3408 1572 3478 bonis
1588 3411 1751 3481 convivia
1767 3414 1871 3499 adire,
1881 3416 2062 3488 bonorum

1212 3507 1295 3578 Mos
1310 3522 1380 3595 est,
1406 3524 1441 3580 at
1457 3512 1613 3602 rogitant
1630 3526 1663 3583 te
1680 3515 1788 3585 modo
1805 3515 1889 3586 lane
1904 3519 2004 3593 boni.

1731 3716 2102 3740 ——m—..ss

1983 3885 2033 3932 su.
2049 3865 2102 3929 151

1974 3953 2102 3984 Μ

1229 4045 1261 4099 ln
1276 4045 1374 4117 iarrrg.
1387 4044 1480 4100 Secer.
1493 4055 1519 4099 et
1534 4046 1562 4102 iu
1576 4066 1639 4119 opp.
1652 4048 1712 4104 Bas.
1732 4049 1766 4108 Τ.
1777 4051 1810 4106 V.
1829 4070 1856 4122 p.
1865 4051 1928 4111 8⁵0.
1941 4067 1968 4110 et
1981 4060 2057 4143 apud
2072 4059 2102 4114 Vi

1264 4135 1290 4186 p.
1304 4116 1362 4175 118.
1387 4144 1423 4156 -
1457 4118 1539 4185 Apud
1558 4119 1698 4172 Secerium
1716 4119 1876 4176 inscribitur
1896 4123 2003 4180 Ioanne
2022 4128 2102 4185 Buta

1263 4187 1301 4249 (Α
1322 4185 1455 4250 circlos),
1477 4185 1562 4239 etsie
1581 4188 1659 4240 etiam
1680 4186 1806 4244 inuasit.
1842 4190 1897 4245 Sed
1919 4195 2102 4270 Vincentiust

1261 4204 1389 4308 Eideben
1402 4254 1475 4335 dedit
1488 4254 1639 4337 „Amicpss‘
1673 4254 1785 4338 Ubique
1796 4259 2017 4332 veroAgricolae
2030 4276 2071 4322 ert
2080 4285 2102 4325 a

1262 4331 1355 4396 ptum,
1373 4340 1455 4396 quta.
1471 4323 1544 4378 1525.
1558 4326 1626 4379 shut
1636 4325 1762 4379 islebnm
1774 4335 1805 4380 ut
1815 4328 1939 4385 scholam
1953 4332 1991 4388 ibi
2003 4345 2102 4411 regnet

1398 4479 1640 4576 iulecant')
1673 4487 1911 4563 Etsteben.

1159 4631 1307 4727 Optime
1321 4632 1426 4728 quem
1445 4660 1609 4728 praesens
1622 4638 1817 4726 malebam,
1838 4639 1948 4727 lane,
1972 4649 2102 4724 salutes

1208 4735 1292 4807 Non
1306 4738 1392 4806 salsa
1410 4739 1512 4808 vobis
1528 4738 1643 4809 dicere
1657 4765 1743 4810 voce
1757 4746 1876 4824 modo,
1964 4769 1967 4772 ·
2063 4748 2067 4756 '

1157 4836 1254 4909 Hinc
1271 4840 1377 4925 elegis
1392 4861 1456 4929 ego
1472 4840 1564 4910 serre
1579 4842 1682 4928 dedi,
1704 4840 1881 4940 iussique,
1903 4852 2041 4939 precari

1210 4941 1258 5015 Ut
1273 4956 1389 5013 servet
1402 4937 1565 5014 Christus
1578 4957 1701 5037 teque,
1724 4956 1892 5041 tuamque
1905 4951 2065 5029 domurn.

1158 5037 1406 5138 Auspiciisque
1422 5040 1562 5114 scholae
1577 5048 1712 5133 faveat,
1737 5063 1941 5144 vestrosque
1958 5054 2095 5127 labores

1207 5142 1401 5232 Provehat‚
1426 5160 1531 5240 atquc
1548 5171 1612 5219 suo
1628 5150 1777 5220 numine
1793 5167 1914 5246 coepta
1928 5153 2038 5232 iuvet.

1096 5394 1099 5401 ,
1188 5341 1220 5403 1)
1238 5337 1435 5397 lteiffensteiu’
1455 5370 1484 5385 -·
1522 5342 1553 5398 ln
1566 5343 1824 5404 Benintcribeturs
1840 5348 1948 5407 loom
1955 5351 2074 5412 latetur.
