4546 5760
111 184 195 267 Μ
715 182 1149 284 QUAESTIONES
1185 182 1593 267 scaonssscan.
2080 186 2158 267 sss

116 365 182 436 dat
206 362 394 460 deinceps,
437 379 472 438 et
497 378 617 437 nostra
653 389 761 459 opera
787 364 924 435 utiliter
950 362 1119 435 inserviat
1167 360 1431 440 nisIldehnitam
1464 363 1686 434 sententiam.
1745 356 1805 435 Sic
1825 365 1921 434 enim
1946 364 2163 437 Viennensis

118 463 302 539 Ecclesiae
323 482 360 541 et
374 468 517 559 ¹gloriae
538 468 603 538 filii
625 467 711 555 Dei,
742 481 777 539 et
801 480 862 538 tua
878 480 1039 538 senectus
1055 491 1118 537 ac·
1168 465 1229 534 ille
1246 490 1407 557 expresse
1418 466 1590 560 loquitur.

119 570 303 664 mitescere
326 573 437 663 possit
459 571 498 640 in
522 572 672 657 nostris,
705 584 739 642 et
758 570 915 645 familiae
938 582 1018 640 tuae
1034 570 1114 639 nni·
1270 567 1464 640 Doleamus
1494 569 1625 639 talibus
1653 563 1884 660 blasphemiis
1919 570 2038 660 augeri
2070 571 2161 641 iram

120 695 244 743 versae
259 687 295 744 et
309 675 503 744 amicorum
520 686 664 744 tuorum
677 674 925 744 constantibus
939 672 1067 742 studiis
1083 683 1117 741 ct
1167 667 1256 755 Dei,
1282 685 1316 741 et
1337 673 1564 741 ostendamus
1587 693 1645 741 eas
1666 671 1772 742 nobis
1792 672 1998 764 displicere,
2024 697 2063 742 ac
2080 697 2162 766 pre-

120 774 249 846 officiis
258 776 459 847 domesticis
473 791 507 847 et
520 777 692 862 externis,
711 801 774 846 oro
784 772 1116 845 aeternumPatrcm
1168 796 1290 841 camur
1303 771 1439 858 Deum,
1461 786 1503 844 ut
1517 796 1648 864 poenas
1662 798 1681 843 a
1701 775 1807 844 nobis
1821 789 1967 847 avertat.

119 871 273 947 Domini
287 872 641 952 nostrilesuChristi.
694 876 859 949 Eundem
873 902 936 946 oro
951 893 991 947 ut
1007 891 1040 947 te
1053 877 1116 945 diu
1271 871 1367 963 Quid
1390 876 1484 945 enim
1501 876 1600 946 aliud
1623 891 1731 965 agunt
1747 876 1830 947 isti?
1864 902 1970 971 quam
1991 875 2163 945 utdelets

117 972 301 1055 lloetesise
322 1002 407 1051 suae
428 993 462 1051 et
486 980 590 1051 nobis
616 979 792 1051 universis
819 993 1019 1064 conservet,
1054 978 1117 1072 qui
1168 1001 1254 1047 voce
1269 979 1390 1047 divina
1414 980 1629 1047 concedatur
1642 981 1866 1071 potentibus
1890 996 1931 1051 ut
1949 981 1989 1049 in
2003 972 2162 1069 Ecclesia

117 1102 216 1152 unns
239 1077 306 1151 hac
323 1095 434 1153 aetate
456 1096 492 1153 et
513 1078 570 1152 his
596 1083 733 1153 viribus
752 1077 897 1151 cohibes
922 1082 1116 1152 multorum
1168 1079 1342 1150 collocent
1359 1078 1476 1163 Idola
1503 1093 1538 1150 et
1553 1080 1689 1170 lingant
1710 1082 1873 1172 dogmata
1889 1097 1929 1153 ut
1945 1083 2049 1163 hbet
2071 1079 2162 1149 sicut

117 1179 406 1275 improbitatem,
431 1208 584 1278 quorum
607 1186 638 1254 si
654 1185 717 1279 qui
737 1198 822 1255 sunt
835 1184 1117 1277 impotentiores
1168 1183 1328 1252 fecerunt
1356 1177 1680 1268 Nabuchdonosor,
1715 1180 1936 1270 Antiochus,
1969 1134 2162 1254 Mahomc-

118 1307 245 1356 eorum
261 1286 363 1357 inror
377 1310 566 1376 erumpens
581 1300 613 1358 et
629 1312 702 1380 ipse
717 1310 791 1356 sese
805 1285 983 1371 retundit
1006 1301 1040 1356 et
1054 1309 1117 1376 per
1167 1297 1225 1354 tus
1239 1297 1273 1354 et
1288 1283 1360 1356 alu
1420 1283 1480 1355 Sic
1496 1286 1694 1355 defendunt
1715 1280 1784 1356 hoc
1801 1300 1959 1379 tempore
1972 1278 2162 1355 Pontificio

117 1388 216 1477 trab
222 1384 394 1495 Ecclesia
408 1385 616 1481 Christi,
588 1413 617 1459 ss
643 1391 715 1461 vita
738 1387 990 1508 suppeditant,
1014 1388 1116 1458 facile
1168 1383 1267 1455 Idola
1285 1386 1457 1478 plurima,
1483 1387 1565 1480 quia
1582 1388 1805 1460 autoritatem
1822 1388 2044 1462 Pontificiam
2061 1399 2163 1456 ante·

116 1468 383 1581 pobigabttdr.
433 1486 587 1587 Reliqua
598 1492 763 1584 precibus
778 1491 848 1563 tuis
859 1488 1116 1560 ardentissimis
1166 1489 1287 1559 ferunt
1303 1488 1478 1606 expressis
1489 1489 1556 1559 Dei
1573 1491 1762 1561 mandatis.

115 1590 267 1661 anobis
289 1607 472 1674 arcentur,
506 1618 596 1688 quac
617 1619 683 1687 pro
705 1591 884 1679 Ecclesia,
915 1588 1116 1684 Republica
1270 1589 1441 1679 Quaero
1431 1591 1554 1680 igitur:
1582 1586 1789 1661 Annorma
1806 1586 2162 1662 iudiciisitvcrdum

115 1705 154 1765 st
174 1693 317 1786 pii'rata
343 1696 455 1765 salute
481 1709 601 1766 nostra
631 1698 817 1768 excubant.
893 1691 1115 1765 Commendo
1166 1686 1264 1776 Dei,
1290 1715 1342 1761 aa
1367 1716 1448 1762 sero
1469 1686 1690 1787 Pontificum
1714 1693 1927 1764 autoritas?
1975 1691 2114 1764 Deinde
2128 1707 2162 1762 et

116 1808 239 1867 sutem
262 1810 299 1867 ct
319 1808 417 1867 tuam
442 1811 478 1868 et
499 1799 661 1868 omnium
684 1788 848 1868 nostrsim
871 1797 1019 1866 salutem
1042 1796 1116 1865 filio
1167 1794 1408 1890 deSynodis:
1436 1788 1652 1867 Volcaniae
1677 1819 1804 1867 aarum
1829 1795 2030 1868 sentcntiae
2053 1803 2162 1866 outo·

117 1892 191 1969 {set
211 1896 371 1970 Domino
396 1914 520 1971 nostro
545 1899 624 1970 lesu
645 1896 810 1985 Christo,
837 1898 974 1969 custodi
991 1896 1116 1969 Eccle-
1168 1897 1276 1966 ritate
1288 1892 1413 1991 Regia
1432 1918 1495 1966 ssu
1507 1896 1723 1992 praetoria?

117 1999 193 2070 sias
207 2022 314 2087 snae,
346 2001 409 2094 qui
431 2026 469 2074 se
491 2016 586 2073 certo
611 2003 804 2073 affuturum
823 2003 928 2072 nobis
943 2015 979 2070 et
993 2001 1117 2070 delen·
1269 1998 1322 2071 Ac
1332 2000 1486 2089 primum
1496 2017 1743 2092 argumentor,
1759 2000 1930 2071 Normam
1944 2001 2161 2072 iudiciorum

117 2120 245 2174 surum
269 2126 336 2173 nos
359 2104 523 2195 promisit
542 2107 709 2174 adversus
731 2107 887 2189 furores,
920 2103 1118 2172 insidiaset
1166 2116 1331 2194 oportere
1353 2125 1426 2172 esse
1452 2102 1581 2194 scripta
1606 2098 1818 2195 Prophetica
1844 2117 1879 2174 et
1904 2100 2108 2196 Apostolica
2126 2118 2161 2174 et

117 2201 367 2300 Tyrannidem
392 2204 555 2290 Diaboli,
588 2207 678 2277 sicut
702 2208 808 2276 dixit:
841 2202 915 2275 Ero
933 2205 1114 2274 vobiscum
1166 2204 1355 2299 Symbola,
1399 2206 1482 2298 quia
1517 2229 1677 2296 expresse
1702 2207 1874 2297 scriptum
1901 2219 1972 2277 cstt
2016 2205 2056 2276 si
2082 2205 2163 2323 quis

114 2314 232 2427 osope
252 2309 299 2379 ad
320 2309 663 2378 consummationem
686 2309 807 2380 seculi.
866 2306 971 2379 ltem·
1002 2305 1116 2377 Nemo
1166 2308 1266 2378 aliud
1299 2303 1534 2398 Evangelium
1567 2309 1841 2400 praedicaverit,
1882 2304 2069 2379 anathema
2102 2307 2163 2377 sit.

114 2406 234 2502 rapiet
249 2433 335 2481 oves
348 2433 445 2481 meas
458 2436 499 2480 ex
513 2412 680 2481 manibus
695 2435 797 2482 mers
847 2407 942 2482 Dixi.
1166 2411 1272 2479 ltem.
1313 2407 1352 2479 Si
1380 2409 1460 2502 quis
1488 2432 1563 2479 non
1587 2424 1706 2481 manet
1737 2411 1776 2479 in
1810 2411 1970 2483 doctrina
2003 2398 2162 2494 Christi,

117 2546 121 2553 ¹
1165 2509 1281 2581 Deum
1302 2506 1516 2583 nonhabet

1267 2611 1469 2706 Loquimnr
1489 2627 1607 2684 antem
1635 2616 1679 2684 de
1702 2615 1884 2735 scripto
1855 2638 1932 2685 sine
1958 2611 2161 2706 Sophistica

117 2744 189 2824 No·
208 2746 272 2823 75·
923 2778 972 2821 ω
995 2753 1090 2820 1550·
1166 2716 1368 2801 intellecto,
1399 2740 1440 2785 ac
1462 2717 1621 2788 nativam
1645 2718 1855 2789 sententiam
1881 2719 2028 2788 retineri
2057 2719 2163 2788 volu-

896 2846 1109 2882 ων
1166 2842 1264 2904 ιοιιι,
1290 2842 1365 2887 non
1379 2818 1507 2909 affingi·
1467 2820 1718 2890 barbaricas
1740 2833 1802 2890 aut
1816 2817 2061 2914 Sophisticas
2050 2833 2162 2891 mter-

188 2944 369 3003 trontius.
383 2944 416 3002 T.
431 2944 496 3019 Τ..)
500 2949 573 3005 225
588 2968 631 3022 sq
659 2920 787 3008 Richard.
802 2947 838 3007 T.
855 2948 902 3004 ΙΙΙ.
924 2946 1027 3021 ρ..854
1045 2956 1073 3001 et
1087 2964 1115 3000 ιιι
1166 2920 1380 3012 pretationes
1402 2935 1599 3040 pugnantes
1624 2946 1704 2990 cum
1722 2922 1917 3014 perspicuis
1936 2920 2162 3006 testimoniis,

222 3014 409 3074 ⁰⁸⁸¹¹⁰¹¹³b⁸⁵
422 2968 571 3091 possumis
588 3038 615 3091 Ρ
629 3021 693 3076 2⁴2·
1165 3046 1256 3120 quae
1267 3035 1386 3092 extant
1402 3023 1440 3090 iu
1458 3022 1597 3113 scriptis
1613 3019 1835 3116 Propheticis
1850 3039 1884 3096 et
1898 3023 2125 3119 Apostolicis.

1265 3122 1359 3195 Nam
1382 3123 1636 3216 Anabap'tistae
1659 3139 1694 3197 et
1720 3126 1870 3208 similes,
1904 3152 1979 3198 non
2005 3128 2162 3201 retinent

1165 3228 1316 3320 scripta,
1341 3228 1479 3296 etiamsi
1495 3229 1602 3297 verba
1619 3227 1836 3298 calumniose
1858 3232 1903 3300 ad
1920 3252 1999 3300 snas
2016 3243 2161 3321 ροιιοιιι

1166 3328 1745 3448 tosasppinionesaccommodant;
1765 3329 2075 3403 namhaecverba:
2090 3324 2160 3401 Da

118 3417 239 3507 Scitis
252 3452 319 3502 nos
330 3455 406 3502 non
421 3431 575 3502 fiducia
564 3433 700 3523 ingenii
716 3445 777 3503 sut
790 3433 1021 3519 eruditionis
1046 3428 1116 3502 hnc
1164 3428 1270 3501 omni
1290 3428 1446 3526 petenti,
1481 3456 1556 3502 non
1573 3443 1739 3502 evertunt
1758 3432 2022 3505 distinctionem
2040 3435 2160 3505 domi·

116 3533 372 3606 addicendum
395 3533 559 3625 prodire,
583 3536 642 3604 sed
665 3537 781 3625 legum
797 3535 1000 3616 autoritati,
1026 3560 1115 3629 qua-
1165 3535 1327 3618 niorum,
1367 3556 1458 3627 quae
1492 3534 1580 3604 alibi
1614 3534 1809 3625 perspicuis
1848 3538 1965 3608 verbis
2001 3554 2160 3628 expressa

115 3652 200 3709 rum
225 3630 396 3706 honestae
417 3649 451 3705 ct
474 3638 676 3726 prohabiles
700 3661 824 3707 causae
849 3652 950 3722 sunt,
977 3641 1116 3708 obtem·
1165 3637 1393 3728 comprobata
1427 3650 1491 3709 est.
1560 3635 1736 3706 Volumus
1770 3636 1879 3726 igitur
1912 3641 2077 3709 accedere
2111 3640 2155 3708 ad

115 3760 260 3834 pecare,
294 3760 365 3832 qua
387 3739 426 3808 in
445 3762 485 3807 re
506 3738 613 3807 officii
636 3739 714 3809 laus
737 3755 806 3820 est,
841 3741 1113 3833 quaesineulla
1164 3738 1370 3823 lectionem,
1409 3738 1653 3809 dexteritatem
1687 3739 1727 3807 in
1753 3744 1978 3815 conferendis
2011 3742 2099 3812 locis
2124 3755 2160 3813 et

114 3840 344 3914 dubitatione
370 3840 487 3911 maior
514 3841 628 3913 estin
653 3841 874 3926 iunioribus,
907 3865 1013 3935 quam
1037 3843 1114 3913 laus
1164 3841 1294 3912 ordine
1315 3840 1585 3912 distribuendis.

114 3944 324 4038 sapientiae.
731 3970 742 3979 “·
1265 3942 1335 4016 Sed
1352 3945 1571 4014 contrarium
1587 3960 1835 4035 argumentum
1856 3959 2046 4038 opponunt
2058 3942 2157 4037 Pon·

92 4048 97 4059 ’
169 4068 183 4077 “
219 4043 312 4117 Cum
331 4044 441 4135 igitur
465 4044 555 4114 iusta
585 4043 631 4114 sit
653 4044 794 4114 dicendi
813 4058 938 4130 cansa,
972 4059 1053 4136 peto
1073 4060 1115 4117 ut
1164 4046 1274 4117 tificii.

91 4147 319 4221 orationem
334 4171 448 4216 meam
466 4147 554 4216 boni
570 4146 780 4231 consulatis,
806 4147 1014 4238 praesertim
1033 4172 1113 4218 cnm
1266 4146 1309 4217 ln
1333 4146 1491 4239 qualibet
1516 4149 1772 4238 gubernatione
1797 4163 1936 4242 oportet
1958 4150 2075 4218 vivam
2093 4172 2159 4218 vo-
2187 4229 2189 4233 Ι

116 4251 339 4346 perfecturus
354 4249 441 4328 sim
465 4272 510 4317 ne
525 4249 709 4340 prolixitas
726 4250 828 4320 vohis
845 4251 990 4321 molesta
1006 4251 1062 4322 sit
1163 4272 1238 4320 cem
1271 4249 1401 4320 iudicis
1434 4244 1565 4320 hahere
1597 4276 1770 4321 summam
1793 4253 2036 4336 autoritatem,
2073 4251 2157 4344 quia

222 4349 423 4441 Quiavcro
447 4374 544 4419 nunc
569 4350 609 4418 in
624 4347 801 4422 Oratione
823 4349 957 4423 Decani
978 4353 1112 4423 dictum
1163 4375 1302 4443 semper
1323 4367 1405 4421 nata
1425 4353 1499 4440 lege
1516 4354 1769 4424 desideratur
1759 4355 2014 4446 interpretatio.
2069 4351 2157 4424 Plu-

117 4468 190 4540 est,
219 4450 450 4524 Ecclesiam
439 4475 476 4520 sn
494 4452 597 4521 terris
613 4454 790 4524 visibilem
809 4478 882 4525 esse
900 4467 934 4525 et
950 4468 1113 4545 oportere
1161 4455 1293 4525 rimum
1322 4467 1375 4524 est
1403 4455 1643 4525 dubiorum
1631 4481 1670 4525 sn
1699 4456 1839 4548 scriptis
1870 4451 2092 4585 Propheticis
2123 4469 2157 4524 et

115 4558 214 4629 inca
231 4554 366 4626 indicia
384 4576 478 4634 esse,
505 4554 688 4646 proximae
715 4557 939 4650 quaestiones
964 4570 1047 4627 sunt
1069 4559 1113 4626 de
1162 4552 1390 4648 apostolicis.

114 4650 408 4742 remaledicit,
441 4671 607 4750 etquare
630 4660 772 4729 valeant
792 4657 955 4729 Indicum
970 4672 1114 4729 senten-
1262 4655 1359 4749 Ergo
1386 4659 1581 4727 necessaria
1605 4672 1657 4729 est
1682 4659 1762 4727 viva
1785 4685 1852 4730 vox
1874 4661 2022 4747 iudicis,
2052 4674 2087 4731 et
2116 4674 2156 4731 ut

114 4764 206 4843 use,
225 4757 516 4837 An-valeantut
505 4783 544 4827 m
559 4756 754 4852 prophanis
769 4761 912 4832 indicus
925 4759 1113 4832 autoritate
1160 4760 1333 4832 liniantur
1357 4761 1637 4846 controversiae,
1675 4784 1816 4833 necesse
1842 4776 1893 4833 est
1918 4759 2012 4834 hanc
2037 4764 2154 4833 valere

111 4862 228 4989 ngia
254 4884 317 4932 seu
341 4861 542 4952 praetoria?
1161 4864 1349 4934 autoritate
1361 4861 1473 4953 Regia
1490 4886 1552 4933 seu
1568 4864 1755 4952 praetoria.

142 4963 270 5035 De
292 4959 348 5033 his
376 4962 644 5058 quaestionibus
659 4987 701 5035 co
725 4988 823 5036 nnnc
841 4965 1030 5035 dicendum
1048 4978 1111 5051 est,
1262 4963 1362 5035 Haec
1386 4965 1624 5056 plausibiliter
1656 4965 1826 5036 dicuntur
1855 4970 1947 5058 apud
1974 4963 2091 5055 Reges
2119 4978 2154 5034 et

113 5012 201 5165 qnia
217 5084 340 5137 recem
356 5065 517 5136 Viennae
529 5061 698 5135 Esauito
713 5068 973 5160 propositiones
986 5067 1111 5149 edidit,
1159 5064 1363 5159 Principes,
1396 5068 1457 5136 sed
1476 5080 1652 5160 quatenus
1674 5068 1859 5158 probanda
1876 5069 1967 5152 sint,
1992 5064 2155 5137 conside-

112 5170 302 5266 inquibus
315 5190 476 5262 expresse
492 5163 580 5238 haec
595 5171 803 5241 asseveratio
819 5171 947 5261 scripta
965 5184 1032 5240 est:
1158 5171 1310 5239 randum
1326 5183 1386 5239 est.
1437 5170 1523 5239 ldeo
1541 5165 1632 5239 hanc
1648 5170 1890 5289 gravissimam
1911 5169 2153 5264 quaestionum

126 5304 132 5327 =
217 5268 381 5364 ineptum
394 5286 429 5343 et
441 5270 634 5341 ridiculum
652 5293 742 5352 csse,
767 5286 886 5363 petere
901 5296 921 5342 a
935 5274 1110 5362 scriptura
1158 5271 1278 5342 desero
1300 5274 1345 5342 ad
1369 5273 1604 5342 reverendum
1630 5273 1749 5343 virum
1774 5271 1956 5346 Pastorem
1978 5266 2156 5343 Ecclesiae

170 3168 347 3271 Qumis
377 3168 571 3275 proposita
605 3203 630 3252 α
661 3185 768 3278 Map
792 3184 1065 3256 :Francisco

487 3282 750 3378 Respicite.

110 5390 285 5472 tanquam
308 5394 473 5468 supremo
487 5374 614 5449 ‚indice
628 5366 949 5446 controversiarum
965 5375 1111 5464 religio-
1157 5373 1498 5447 nostraeDoctorem
1507 5366 1673 5446 Paulum
1683 5370 1868 5457 Ebsrum,
1889 5398 1995 5470 quem
2012 5387 2157 5467 propter
