<?xml version="1.0" encoding="UTF-8"?>
<!DOCTYPE html PUBLIC "-//W3C//DTD XHTML 1.0 Transitional//EN"
    "http://www.w3.org/TR/xhtml1/DTD/xhtml1-transitional.dtd">
<html xmlns="http://www.w3.org/1999/xhtml" xml:lang="en" lang="en">
 <head>
  <title>
</title>
<meta http-equiv="Content-Type" content="text/html;charset=utf-8" />
  <meta name='ocr-system' content='tesseract 3.04.00' />
  <meta name='ocr-capabilities' content='ocr_page ocr_carea ocr_par ocr_line ocrx_word'/>
</head>
<body>
  <div class='ocr_page' id='page_1' title='image "./corpusreformato02melagoog/corpusreformato02melagoog_0273.png"; bbox 0 0 4546 5760; ppageno 0'>
   <div class='ocr_carea' id='block_1_1' title="bbox 111 172 2155 306">
    <p class='ocr_par' dir='ltr' id='par_1_1' title="bbox 111 172 2155 306">
     <span class='ocr_line' id='line_1_1' title="bbox 111 172 2155 306; baseline 0.005 -50"><span class='ocrx_word' id='word_1_1' title='bbox 111 178 186 256; x_wconf 70' lang='lat'>511</span> <span class='ocrx_word' id='word_1_2' title='bbox 230 283 240 306; x_wconf 31' lang='lat' dir='ltr'>x</span> <span class='ocrx_word' id='word_1_3' title='bbox 863 176 1193 256; x_wconf 74' lang='lat' dir='ltr'>catttsstturt</span> <span class='ocrx_word' id='word_1_4' title='bbox 1244 178 1348 256; x_wconf 67' lang='lat' dir='ltr'>{al-B.</span> <span class='ocrx_word' id='word_1_5' title='bbox 1371 178 1400 257; x_wconf 88' lang='lat'>1.</span> <span class='ocrx_word' id='word_1_6' title='bbox 1872 172 1876 177; x_wconf 39' lang='lat'>¹</span> <span class='ocrx_word' id='word_1_7' title='bbox 2075 185 2155 270; x_wconf 72' lang='lat' dir='ltr'>dtr</span> 
     </span>
    </p>
   </div>
   <div class='ocr_carea' id='block_1_2' title="bbox 82 349 2159 1166">
    <p class='ocr_par' dir='ltr' id='par_1_2' title="bbox 82 349 2159 1166">
     <span class='ocr_line' id='line_1_2' title="bbox 114 349 2031 453; baseline 0.002 -25"><span class='ocrx_word' id='word_1_8' title='bbox 114 352 175 429; x_wconf 82' lang='lat' dir='ltr'>sie</span> <span class='ocrx_word' id='word_1_9' title='bbox 190 356 280 431; x_wconf 89' lang='lat' dir='ltr'>irata</span> <span class='ocrx_word' id='word_1_10' title='bbox 297 357 376 448; x_wconf 86' lang='lat' dir='ltr'>pios</span> <span class='ocrx_word' id='word_1_11' title='bbox 393 379 578 450; x_wconf 90' lang='lat' dir='ltr'>nunquam</span> <span class='ocrx_word' id='word_1_12' title='bbox 596 356 740 425; x_wconf 84' lang='lat' dir='ltr'>fortuna</span> <span class='ocrx_word' id='word_1_13' title='bbox 754 349 957 451; x_wconf 86' lang='lat' dir='ltr'>revellct³),</span> <span class='ocrx_word' id='word_1_14' title='bbox 1160 351 1227 423; x_wconf 90' lang='lat' dir='ltr'>Ille</span> <span class='ocrx_word' id='word_1_15' title='bbox 1242 376 1323 424; x_wconf 87' lang='lat' dir='ltr'>suas</span> <span class='ocrx_word' id='word_1_16' title='bbox 1338 354 1423 448; x_wconf 92' lang='lat' dir='ltr'>quia</span> <span class='ocrx_word' id='word_1_17' title='bbox 1439 354 1572 447; x_wconf 78' lang='lat' dir='ltr'><strong>spargit</strong></span> <span class='ocrx_word' id='word_1_18' title='bbox 1586 378 1689 448; x_wconf 89' lang='lat' dir='ltr'>opes,</span> <span class='ocrx_word' id='word_1_19' title='bbox 1716 370 1750 428; x_wconf 90' lang='lat' dir='ltr'>et</span> <span class='ocrx_word' id='word_1_20' title='bbox 1767 359 1879 430; x_wconf 93' lang='lat' dir='ltr'>donat</span> <span class='ocrx_word' id='word_1_21' title='bbox 1893 360 2031 453; x_wconf 71' lang='lat' dir='ltr'>egenim</span> 
     </span>
     <span class='ocr_line' id='line_1_3' title="bbox 167 450 1940 552; baseline 0.003 -21"><span class='ocrx_word' id='word_1_22' title='bbox 167 458 209 531; x_wconf 89' lang='lat' dir='ltr'>Si</span> <span class='ocrx_word' id='word_1_23' title='bbox 223 482 285 550; x_wconf 87' lang='lat' dir='ltr'>spe</span> <span class='ocrx_word' id='word_1_24' title='bbox 300 461 467 532; x_wconf 90' lang='lat' dir='ltr'>nituntur</span> <span class='ocrx_word' id='word_1_25' title='bbox 482 457 723 552; x_wconf 83' lang='lat' dir='ltr'>pollicitisque</span> <span class='ocrx_word' id='word_1_26' title='bbox 735 451 855 552; x_wconf 58' lang='lat' dir='ltr'>Deif).</span> <span class='ocrx_word' id='word_1_27' title='bbox 1208 454 1369 527; x_wconf 79' lang='lat' dir='ltr'>Praemia</span> <span class='ocrx_word' id='word_1_28' title='bbox 1385 457 1540 529; x_wconf 88' lang='lat' dir='ltr'>iustitiae</span> <span class='ocrx_word' id='word_1_29' title='bbox 1556 481 1630 529; x_wconf 91' lang='lat' dir='ltr'>non</span> <span class='ocrx_word' id='word_1_30' title='bbox 1648 459 1822 531; x_wconf 83' lang='lat' dir='ltr'>moritura</span> <span class='ocrx_word' id='word_1_31' title='bbox 1837 450 1940 537; x_wconf 82' lang='lat' dir='ltr'>feret.</span> 
     </span>
     <span class='ocr_line' id='line_1_4' title="bbox 116 552 1936 657; baseline 0.003 -24"><span class='ocrx_word' id='word_1_32' title='bbox 116 557 209 633; x_wconf 84' lang='lat' dir='ltr'>Ecce</span> <span class='ocrx_word' id='word_1_33' title='bbox 226 562 325 632; x_wconf 87' lang='lat' dir='ltr'>vides</span> <span class='ocrx_word' id='word_1_34' title='bbox 341 561 513 656; x_wconf 89' lang='lat' dir='ltr'>Solymen</span> <span class='ocrx_word' id='word_1_35' title='bbox 526 584 617 655; x_wconf 90' lang='lat' dir='ltr'>quae</span> <span class='ocrx_word' id='word_1_36' title='bbox 632 560 744 629; x_wconf 85' lang='lat' dir='ltr'>moles</span> <span class='ocrx_word' id='word_1_37' title='bbox 759 559 910 630; x_wconf 80' lang='lat' dir='ltr'>cinxerit</span> <span class='ocrx_word' id='word_1_38' title='bbox 923 557 1050 629; x_wconf 90' lang='lat' dir='ltr'>urbem</span> <span class='ocrx_word' id='word_1_39' title='bbox 1160 552 1210 629; x_wconf 83' lang='lat' dir='ltr'>Et</span> <span class='ocrx_word' id='word_1_40' title='bbox 1224 560 1388 653; x_wconf 86' lang='lat' dir='ltr'>quamvis</span> <span class='ocrx_word' id='word_1_41' title='bbox 1404 584 1526 631; x_wconf 89' lang='lat' dir='ltr'>secura</span> <span class='ocrx_word' id='word_1_42' title='bbox 1542 560 1606 631; x_wconf 89' lang='lat' dir='ltr'>diu</span> <span class='ocrx_word' id='word_1_43' title='bbox 1622 561 1695 633; x_wconf 90' lang='lat' dir='ltr'>sint</span> <span class='ocrx_word' id='word_1_44' title='bbox 1712 564 1788 632; x_wconf 87' lang='lat' dir='ltr'>ocia</span> <span class='ocrx_word' id='word_1_45' title='bbox 1805 566 1936 657; x_wconf 83' lang='lat' dir='ltr'>pravis.</span> 
     </span>
     <span class='ocr_line' id='line_1_5' title="bbox 168 657 2097 765; baseline 0.005 -31"><span class='ocrx_word' id='word_1_46' title='bbox 168 659 217 736; x_wconf 83' lang='lat' dir='ltr'>Et</span> <span class='ocrx_word' id='word_1_47' title='bbox 233 689 309 734; x_wconf 93' lang='lat' dir='ltr'>non</span> <span class='ocrx_word' id='word_1_48' title='bbox 324 659 481 734; x_wconf 90' lang='lat' dir='ltr'>bumana</span> <span class='ocrx_word' id='word_1_49' title='bbox 497 663 636 733; x_wconf 88' lang='lat' dir='ltr'>moenia</span> <span class='ocrx_word' id='word_1_50' title='bbox 655 665 743 733; x_wconf 84' lang='lat' dir='ltr'>iacta</span> <span class='ocrx_word' id='word_1_51' title='bbox 762 661 898 732; x_wconf 81' lang='lat' dir='ltr'>manu?</span> <span class='ocrx_word' id='word_1_52' title='bbox 1212 660 1332 733; x_wconf 90' lang='lat' dir='ltr'>Poena</span> <span class='ocrx_word' id='word_1_53' title='bbox 1349 677 1468 733; x_wconf 88' lang='lat' dir='ltr'>tamen</span> <span class='ocrx_word' id='word_1_54' title='bbox 1484 665 1587 735; x_wconf 84' lang='lat' dir='ltr'>tardo</span> <span class='ocrx_word' id='word_1_55' title='bbox 1604 657 1670 735; x_wconf 86' lang='lat' dir='ltr'>bos</span> <span class='ocrx_word' id='word_1_56' title='bbox 1686 666 1834 761; x_wconf 83' lang='lat' dir='ltr'>corripit</span> <span class='ocrx_word' id='word_1_57' title='bbox 1849 681 1927 740; x_wconf 82' lang='lat' dir='ltr'>acta</span> <span class='ocrx_word' id='word_1_58' title='bbox 1943 669 2035 761; x_wconf 82' lang='lat' dir='ltr'>pede</span> <span class='ocrx_word' id='word_1_59' title='bbox 2042 663 2097 765; x_wconf 75' lang='lat'>¹)</span> 
     </span>
     <span class='ocr_line' id='line_1_6' title="bbox 118 764 1049 855; baseline -0.006 -19"><span class='ocrx_word' id='word_1_60' title='bbox 118 764 231 836; x_wconf 82' lang='lat' dir='ltr'>Parva</span> <span class='ocrx_word' id='word_1_61' title='bbox 247 767 343 853; x_wconf 80' lang='lat' dir='ltr'>inter</span> <span class='ocrx_word' id='word_1_62' title='bbox 355 780 493 838; x_wconf 90' lang='lat' dir='ltr'>montes</span> <span class='ocrx_word' id='word_1_63' title='bbox 509 766 612 851; x_wconf 88' lang='lat' dir='ltr'>latet,</span> <span class='ocrx_word' id='word_1_64' title='bbox 634 765 784 835; x_wconf 90' lang='lat' dir='ltr'>immani</span> <span class='ocrx_word' id='word_1_65' title='bbox 799 785 925 855; x_wconf 78' lang='lat' dir='ltr'>aggere</span> <span class='ocrx_word' id='word_1_66' title='bbox 939 774 1049 853; x_wconf 87' lang='lat' dir='ltr'>septa,</span> 
     </span>
     <span class='ocr_line' id='line_1_7' title="bbox 170 863 981 964; baseline -0.002 -24"><span class='ocrx_word' id='word_1_67' title='bbox 170 864 219 940; x_wconf 83' lang='lat' dir='ltr'>Et</span> <span class='ocrx_word' id='word_1_68' title='bbox 232 882 302 940; x_wconf 90' lang='lat' dir='ltr'>stat</span> <span class='ocrx_word' id='word_1_69' title='bbox 313 870 498 940; x_wconf 76' lang='lat' dir='ltr'>inaccessis</span> <span class='ocrx_word' id='word_1_70' title='bbox 512 863 554 964; x_wconf 82' lang='lat'>⁸)</span> <span class='ocrx_word' id='word_1_71' title='bbox 568 867 729 961; x_wconf 90' lang='lat' dir='ltr'>undique</span> <span class='ocrx_word' id='word_1_72' title='bbox 744 869 862 937; x_wconf 87' lang='lat' dir='ltr'>clausa</span> <span class='ocrx_word' id='word_1_73' title='bbox 878 865 981 956; x_wconf 83' lang='lat' dir='ltr'>iugis.</span> 
     </span>
     <span class='ocr_line' id='line_1_8' title="bbox 82 959 2159 1101; baseline -0.004 -59"><span class='ocrx_word' id='word_1_74' title='bbox 82 1006 85 1011; x_wconf 94' lang='lat'>·</span> <span class='ocrx_word' id='word_1_75' title='bbox 120 970 358 1065; x_wconf 82' lang='lat' dir='ltr'>Defenditqne</span> <span class='ocrx_word' id='word_1_76' title='bbox 374 996 438 1042; x_wconf 91' lang='lat' dir='ltr'>suo</span> <span class='ocrx_word' id='word_1_77' title='bbox 456 965 647 1064; x_wconf 82' lang='lat' dir='ltr'>propius⁸)</span> <span class='ocrx_word' id='word_1_78' title='bbox 665 994 731 1040; x_wconf 90' lang='lat' dir='ltr'>nos</span> <span class='ocrx_word' id='word_1_79' title='bbox 748 970 877 1040; x_wconf 88' lang='lat' dir='ltr'>robore</span> <span class='ocrx_word' id='word_1_80' title='bbox 896 959 1091 1060; x_wconf 87' lang='lat' dir='ltr'>Numen⁷),</span> <span class='ocrx_word' id='word_1_81' title='bbox 1173 1002 1240 1076; x_wconf 48' lang='lat' dir='ltr'>No·</span> <span class='ocrx_word' id='word_1_82' title='bbox 1256 1007 1319 1077; x_wconf 41' lang='lat'>70.</span> <span class='ocrx_word' id='word_1_83' title='bbox 1551 1019 1557 1031; x_wconf 89' lang='lat'><strong>.</strong></span> <span class='ocrx_word' id='word_1_84' title='bbox 1939 1016 2006 1095; x_wconf 47' lang='grc' dir='ltr'>(ω.</span> <span class='ocrx_word' id='word_1_85' title='bbox 2019 1017 2107 1082; x_wconf 62' lang='lat'>152⁶</span> <span class='ocrx_word' id='word_1_86' title='bbox 2125 1017 2159 1101; x_wconf 52' lang='grc' dir='ltr'>ρ)</span> 
     </span>
     <span class='ocr_line' id='line_1_9' title="bbox 171 1063 2154 1166; baseline -0.001 -23"><span class='ocrx_word' id='word_1_87' title='bbox 171 1071 279 1166; x_wconf 90' lang='lat' dir='ltr'>Ignea</span> <span class='ocrx_word' id='word_1_88' title='bbox 295 1076 381 1145; x_wconf 91' lang='lat' dir='ltr'>dum</span> <span class='ocrx_word' id='word_1_89' title='bbox 398 1073 542 1145; x_wconf 78' lang='lat' dir='ltr'>simulat</span> <span class='ocrx_word' id='word_1_90' title='bbox 560 1071 700 1144; x_wconf 90' lang='lat' dir='ltr'>moenia</span> <span class='ocrx_word' id='word_1_91' title='bbox 715 1073 794 1144; x_wconf 90' lang='lat' dir='ltr'>luce</span> <span class='ocrx_word' id='word_1_92' title='bbox 809 1095 872 1142; x_wconf 88' lang='lat' dir='ltr'>sua</span> <span class='ocrx_word' id='word_1_93' title='bbox 885 1065 937 1164; x_wconf 83' lang='lat'>⁸):</span> <span class='ocrx_word' id='word_1_94' title='bbox 1169 1100 1342 1138; x_wconf 57' lang='grc' dir='ltr'>νον-ν</span> <span class='ocrx_word' id='word_1_95' title='bbox 1936 1063 2154 1147; x_wconf 50' lang='lat' dir='ltr'>nov-,2</span> 
     </span>
    </p>
   </div>
   <div class='ocr_carea' id='block_1_3' title="bbox 119 1173 2158 1288">
    <p class='ocr_par' dir='ltr' id='par_1_3' title="bbox 119 1173 2158 1288">
     <span class='ocr_line' id='line_1_10' title="bbox 119 1173 2158 1288; baseline 0.006 -41"><span class='ocrx_word' id='word_1_96' title='bbox 119 1174 172 1247; x_wconf 82' lang='lat' dir='ltr'>Ne</span> <span class='ocrx_word' id='word_1_97' title='bbox 189 1177 362 1271; x_wconf 88' lang='lat' dir='ltr'>populum</span> <span class='ocrx_word' id='word_1_98' title='bbox 376 1177 506 1247; x_wconf 83' lang='lat' dir='ltr'>feriant</span> <span class='ocrx_word' id='word_1_99' title='bbox 522 1175 686 1251; x_wconf 89' lang='lat' dir='ltr'>coelestia</span> <span class='ocrx_word' id='word_1_100' title='bbox 703 1199 799 1246; x_wconf 92' lang='lat' dir='ltr'>sacra</span> <span class='ocrx_word' id='word_1_101' title='bbox 816 1173 1002 1258; x_wconf 79' lang='lat' dir='ltr'>colentem,</span> <span class='ocrx_word' id='word_1_102' title='bbox 1232 1202 1308 1288; x_wconf 68' lang='lat' dir='ltr'>opp.</span> <span class='ocrx_word' id='word_1_103' title='bbox 1321 1203 1383 1260; x_wconf 75' lang='lat' dir='ltr'>n...</span> <span class='ocrx_word' id='word_1_104' title='bbox 1401 1205 1435 1264; x_wconf 82' lang='lat' dir='ltr'>T.</span> <span class='ocrx_word' id='word_1_105' title='bbox 1446 1205 1479 1262; x_wconf 84' lang='lat' dir='ltr'>v.</span> <span class='ocrx_word' id='word_1_106' title='bbox 1496 1203 1595 1276; x_wconf 68' lang='lat' dir='ltr'>pass.</span> <span class='ocrx_word' id='word_1_107' title='bbox 1613 1207 1726 1279; x_wconf 62' lang='lat' dir='ltr'>enpust</span> <span class='ocrx_word' id='word_1_108' title='bbox 1742 1206 1822 1267; x_wconf 68' lang='lat' dir='ltr'>vtae.</span> <span class='ocrx_word' id='word_1_109' title='bbox 1835 1211 1933 1284; x_wconf 65' lang='lat' dir='ltr'>pros,</span> <span class='ocrx_word' id='word_1_110' title='bbox 1967 1213 2016 1268; x_wconf 68' lang='lat' dir='ltr'>rm</span> <span class='ocrx_word' id='word_1_111' title='bbox 2029 1215 2084 1270; x_wconf 74' lang='lat' dir='ltr'>alta</span> <span class='ocrx_word' id='word_1_112' title='bbox 2098 1236 2158 1272; x_wconf 77' lang='lat' dir='ltr'>ver-</span> 
     </span>
    </p>
   </div>
   <div class='ocr_carea' id='block_1_4' title="bbox 120 1273 2154 1474">
    <p class='ocr_par' dir='ltr' id='par_1_4' title="bbox 120 1273 2154 1474">
     <span class='ocr_line' id='line_1_11' title="bbox 170 1273 2154 1358; baseline -0.003 -9"><span class='ocrx_word' id='word_1_113' title='bbox 170 1277 261 1350; x_wconf 83' lang='lat' dir='ltr'>Acta</span> <span class='ocrx_word' id='word_1_114' title='bbox 276 1279 388 1350; x_wconf 92' lang='lat' dir='ltr'>malos</span> <span class='ocrx_word' id='word_1_115' title='bbox 405 1292 529 1351; x_wconf 89' lang='lat' dir='ltr'>contra</span> <span class='ocrx_word' id='word_1_116' title='bbox 545 1278 651 1349; x_wconf 86' lang='lat' dir='ltr'>noxia</span> <span class='ocrx_word' id='word_1_117' title='bbox 666 1278 736 1350; x_wconf 90' lang='lat' dir='ltr'>tela</span> <span class='ocrx_word' id='word_1_118' title='bbox 753 1278 860 1350; x_wconf 88' lang='lat' dir='ltr'>viros.</span> <span class='ocrx_word' id='word_1_119' title='bbox 1263 1291 1306 1327; x_wconf 80' lang='lat'>⁸¹⁰</span> <span class='ocrx_word' id='word_1_120' title='bbox 1320 1274 1443 1357; x_wconf 55' lang='lat' dir='ltr'>eiusdem</span> <span class='ocrx_word' id='word_1_121' title='bbox 1456 1273 1573 1358; x_wconf 66' lang='lat' dir='ltr'>Psstmt,</span> <span class='ocrx_word' id='word_1_122' title='bbox 1597 1293 1679 1348; x_wconf 65' lang='grc' dir='ltr'>ΨΜ</span> <span class='ocrx_word' id='word_1_123' title='bbox 1694 1277 1739 1335; x_wconf 76' lang='lat' dir='ltr'>tte</span> <span class='ocrx_word' id='word_1_124' title='bbox 1749 1282 1841 1335; x_wconf 74' lang='lat' dir='ltr'>⁸¹⁸¹i¹n</span> <span class='ocrx_word' id='word_1_125' title='bbox 1856 1281 2048 1353; x_wconf 65' lang='lat' dir='ltr'>adiunximus,</span> <span class='ocrx_word' id='word_1_126' title='bbox 2065 1303 2154 1357; x_wconf 77' lang='lat' dir='ltr'>qusn-</span> 
     </span>
     <span class='ocr_line' id='line_1_12' title="bbox 120 1347 1648 1474; baseline -0.005 -21"><span class='ocrx_word' id='word_1_127' title='bbox 120 1380 173 1453; x_wconf 83' lang='lat' dir='ltr'>Ne</span> <span class='ocrx_word' id='word_1_128' title='bbox 186 1397 220 1454; x_wconf 93' lang='lat' dir='ltr'>te</span> <span class='ocrx_word' id='word_1_129' title='bbox 237 1382 347 1472; x_wconf 91' lang='lat' dir='ltr'>igitur</span> <span class='ocrx_word' id='word_1_130' title='bbox 361 1383 476 1474; x_wconf 88' lang='lat' dir='ltr'>capiat</span> <span class='ocrx_word' id='word_1_131' title='bbox 491 1381 621 1453; x_wconf 89' lang='lat' dir='ltr'>melior</span> <span class='ocrx_word' id='word_1_132' title='bbox 634 1380 778 1452; x_wconf 78' lang='lat' dir='ltr'>fortuna</span> <span class='ocrx_word' id='word_1_133' title='bbox 793 1380 983 1463; x_wconf 89' lang='lat' dir='ltr'>malornm,</span> <span class='ocrx_word' id='word_1_134' title='bbox 1266 1361 1347 1414; x_wconf 59' lang='grc' dir='ltr'>ΨΜ</span> <span class='ocrx_word' id='word_1_135' title='bbox 1359 1362 1449 1398; x_wconf 64' lang='lat'>‘⁸⁹¹⁰‘</span> <span class='ocrx_word' id='word_1_136' title='bbox 1460 1361 1517 1398; x_wconf 73' lang='lat'>‘⁸³‘</span> <span class='ocrx_word' id='word_1_137' title='bbox 1532 1347 1648 1401; x_wconf 65' lang='lat'>&#39;&#39;⁶²¹⁰&#39;&#39;</span> 
     </span>
    </p>
   </div>
   <div class='ocr_carea' id='block_1_5' title="bbox 106 1480 2125 2192">
    <p class='ocr_par' dir='ltr' id='par_1_5' title="bbox 106 1480 2125 2192">
     <span class='ocr_line' id='line_1_13' title="bbox 171 1480 2125 1591; baseline 0.008 -37"><span class='ocrx_word' id='word_1_138' title='bbox 171 1482 344 1577; x_wconf 82' lang='lat' dir='ltr'>Turpiter</span> <span class='ocrx_word' id='word_1_139' title='bbox 358 1500 400 1557; x_wconf 92' lang='lat' dir='ltr'>ut</span> <span class='ocrx_word' id='word_1_140' title='bbox 416 1485 537 1578; x_wconf 90' lang='lat' dir='ltr'>cupias</span> <span class='ocrx_word' id='word_1_141' title='bbox 553 1483 752 1555; x_wconf 76' lang='lat' dir='ltr'>destituisse</span> <span class='ocrx_word' id='word_1_142' title='bbox 766 1480 896 1555; x_wconf 83' lang='lat' dir='ltr'>Deum.</span> <span class='ocrx_word' id='word_1_143' title='bbox 992 1496 1005 1529; x_wconf 63' lang='lat' dir='ltr'>x</span> <span class='ocrx_word' id='word_1_144' title='bbox 1035 1536 1039 1549; x_wconf 92' lang='lat'>.</span> <span class='ocrx_word' id='word_1_145' title='bbox 1193 1489 1370 1562; x_wconf 79' lang='lat' dir='ltr'>Psolnsus</span> <span class='ocrx_word' id='word_1_146' title='bbox 1384 1489 1520 1562; x_wconf 73' lang='lat' dir='ltr'>0th</span> <span class='ocrx_word' id='word_1_147' title='bbox 1545 1493 1726 1582; x_wconf 72' lang='lat' dir='ltr'>„Beattts</span> <span class='ocrx_word' id='word_1_148' title='bbox 1739 1496 1799 1566; x_wconf 80' lang='lat' dir='ltr'>vir</span> <span class='ocrx_word' id='word_1_149' title='bbox 1814 1499 1880 1591; x_wconf 78' lang='lat' dir='ltr'>qui</span> <span class='ocrx_word' id='word_1_150' title='bbox 1897 1499 2009 1570; x_wconf 74' lang='lat' dir='ltr'>timei</span> <span class='ocrx_word' id='word_1_151' title='bbox 2018 1490 2041 1522; x_wconf 88' lang='lat'><strong>”</strong></span> <span class='ocrx_word' id='word_1_152' title='bbox 2059 1504 2125 1574; x_wconf 83' lang='lat' dir='ltr'>eto.</span> 
     </span>
     <span class='ocr_line' id='line_1_14' title="bbox 120 1582 1053 1681; baseline -0.009 -25"><span class='ocrx_word' id='word_1_153' title='bbox 120 1586 203 1657; x_wconf 92' lang='lat' dir='ltr'>Non</span> <span class='ocrx_word' id='word_1_154' title='bbox 218 1582 326 1659; x_wconf 92' lang='lat' dir='ltr'>babet</span> <span class='ocrx_word' id='word_1_155' title='bbox 339 1588 502 1681; x_wconf 88' lang='lat' dir='ltr'>impietas</span> <span class='ocrx_word' id='word_1_156' title='bbox 517 1609 713 1671; x_wconf 85' lang='lat' dir='ltr'>successus,</span> <span class='ocrx_word' id='word_1_157' title='bbox 739 1584 890 1669; x_wconf 83' lang='lat' dir='ltr'>credite,</span> <span class='ocrx_word' id='word_1_158' title='bbox 915 1583 1053 1672; x_wconf 88' lang='lat' dir='ltr'>longos,</span> 
     </span>
     <span class='ocr_line' id='line_1_15' title="bbox 170 1687 948 1782; baseline -0.005 -20"><span class='ocrx_word' id='word_1_159' title='bbox 170 1687 220 1762; x_wconf 87' lang='lat' dir='ltr'>Et</span> <span class='ocrx_word' id='word_1_160' title='bbox 235 1690 327 1760; x_wconf 86' lang='lat' dir='ltr'>male</span> <span class='ocrx_word' id='word_1_161' title='bbox 343 1690 556 1782; x_wconf 89' lang='lat' dir='ltr'>promeritos</span> <span class='ocrx_word' id='word_1_162' title='bbox 573 1690 686 1760; x_wconf 90' lang='lat' dir='ltr'>tristia</span> <span class='ocrx_word' id='word_1_163' title='bbox 702 1689 772 1758; x_wconf 88' lang='lat' dir='ltr'>sata</span> <span class='ocrx_word' id='word_1_164' title='bbox 790 1696 948 1758; x_wconf 85' lang='lat' dir='ltr'>manent.</span> 
     </span>
     <span class='ocr_line' id='line_1_16' title="bbox 120 1790 1049 1887; baseline -0.013 -24"><span class='ocrx_word' id='word_1_165' title='bbox 120 1792 326 1887; x_wconf 88' lang='lat' dir='ltr'>Felicesque</span> <span class='ocrx_word' id='word_1_166' title='bbox 344 1793 412 1885; x_wconf 94' lang='lat' dir='ltr'>pii,</span> <span class='ocrx_word' id='word_1_167' title='bbox 438 1816 527 1887; x_wconf 89' lang='lat' dir='ltr'>quos</span> <span class='ocrx_word' id='word_1_168' title='bbox 541 1806 600 1875; x_wconf 90' lang='lat' dir='ltr'>tu,</span> <span class='ocrx_word' id='word_1_169' title='bbox 626 1807 727 1884; x_wconf 88' lang='lat' dir='ltr'>pater</span> <span class='ocrx_word' id='word_1_170' title='bbox 740 1790 894 1883; x_wconf 90' lang='lat' dir='ltr'>optimc,</span> <span class='ocrx_word' id='word_1_171' title='bbox 920 1803 1049 1867; x_wconf 86' lang='lat' dir='ltr'>servas,</span> 
     </span>
     <span class='ocr_line' id='line_1_17' title="bbox 171 1890 926 1988; baseline -0.011 -22"><span class='ocrx_word' id='word_1_172' title='bbox 171 1893 364 1985; x_wconf 80' lang='lat' dir='ltr'>Continget</span> <span class='ocrx_word' id='word_1_173' title='bbox 378 1910 522 1988; x_wconf 91' lang='lat' dir='ltr'>portum</span> <span class='ocrx_word' id='word_1_174' title='bbox 536 1909 571 1965; x_wconf 87' lang='lat' dir='ltr'>te</span> <span class='ocrx_word' id='word_1_175' title='bbox 588 1897 677 1965; x_wconf 93' lang='lat' dir='ltr'>duce</span> <span class='ocrx_word' id='word_1_176' title='bbox 692 1906 813 1963; x_wconf 92' lang='lat' dir='ltr'>nostra</span> <span class='ocrx_word' id='word_1_177' title='bbox 830 1890 926 1962; x_wconf 86' lang='lat' dir='ltr'>ratis.</span> 
     </span>
     <span class='ocr_line' id='line_1_18' title="bbox 121 1992 1037 2090; baseline -0.013 -21"><span class='ocrx_word' id='word_1_178' title='bbox 121 1994 217 2088; x_wconf 84' lang='lat' dir='ltr'>Ergo</span> <span class='ocrx_word' id='word_1_179' title='bbox 234 1998 330 2083; x_wconf 89' lang='lat' dir='ltr'>leva,</span> <span class='ocrx_word' id='word_1_180' title='bbox 356 2012 476 2090; x_wconf 90' lang='lat' dir='ltr'>pater,</span> <span class='ocrx_word' id='word_1_181' title='bbox 502 1997 672 2083; x_wconf 78' lang='lat' dir='ltr'>afflictos,</span> <span class='ocrx_word' id='word_1_182' title='bbox 700 1996 862 2088; x_wconf 87' lang='lat' dir='ltr'>vitaeque</span> <span class='ocrx_word' id='word_1_183' title='bbox 877 1992 1037 2084; x_wconf 89' lang='lat' dir='ltr'>guberna</span> 
     </span>
     <span class='ocr_line' id='line_1_19' title="bbox 106 2096 952 2192; baseline -0.004 -19"><span class='ocrx_word' id='word_1_184' title='bbox 106 2148 115 2155; x_wconf 84' lang='lat'><em>—</em></span> <span class='ocrx_word' id='word_1_185' title='bbox 173 2102 392 2192; x_wconf 83' lang='lat' dir='ltr'>Ambiguum</span> <span class='ocrx_word' id='word_1_186' title='bbox 410 2096 553 2172; x_wconf 83' lang='lat' dir='ltr'>cursum</span> <span class='ocrx_word' id='word_1_187' title='bbox 567 2099 716 2171; x_wconf 90' lang='lat' dir='ltr'>numine</span> <span class='ocrx_word' id='word_1_188' title='bbox 731 2120 861 2192; x_wconf 91' lang='lat' dir='ltr'>quaeso</span> <span class='ocrx_word' id='word_1_189' title='bbox 877 2109 952 2170; x_wconf 87' lang='lat' dir='ltr'>tuo.</span> 
     </span>
    </p>
   </div>
   <div class='ocr_carea' id='block_1_6' title="bbox 62 1641 2182 4907">
    <p class='ocr_par' dir='ltr' id='par_1_6' title="bbox 62 1641 2182 4907">
     <span class='ocr_line' id='line_1_20' title="bbox 1162 1641 1961 1738; baseline 0.009 -24"><span class='ocrx_word' id='word_1_190' title='bbox 1162 1641 1263 1714; x_wconf 86' lang='lat' dir='ltr'>Felix</span> <span class='ocrx_word' id='word_1_191' title='bbox 1279 1642 1340 1713; x_wconf 90' lang='lat' dir='ltr'>ille</span> <span class='ocrx_word' id='word_1_192' title='bbox 1358 1643 1475 1713; x_wconf 90' lang='lat' dir='ltr'>Deum</span> <span class='ocrx_word' id='word_1_193' title='bbox 1490 1642 1617 1714; x_wconf 91' lang='lat' dir='ltr'>metuit</span> <span class='ocrx_word' id='word_1_194' title='bbox 1633 1645 1696 1737; x_wconf 93' lang='lat' dir='ltr'>qni</span> <span class='ocrx_word' id='word_1_195' title='bbox 1714 1658 1855 1738; x_wconf 89' lang='lat' dir='ltr'>pectore</span> <span class='ocrx_word' id='word_1_196' title='bbox 1872 1660 1961 1734; x_wconf 91' lang='lat' dir='ltr'>toto,</span> 
     </span>
     <span class='ocr_line' id='line_1_21' title="bbox 1215 1743 1800 1835; baseline 0.007 -19"><span class='ocrx_word' id='word_1_197' title='bbox 1215 1743 1262 1817; x_wconf 78' lang='lat' dir='ltr'>Fit</span> <span class='ocrx_word' id='word_1_198' title='bbox 1278 1768 1352 1814; x_wconf 94' lang='lat' dir='ltr'>non</span> <span class='ocrx_word' id='word_1_199' title='bbox 1369 1746 1485 1815; x_wconf 85' lang='lat' dir='ltr'>fucata</span> <span class='ocrx_word' id='word_1_200' title='bbox 1502 1744 1689 1835; x_wconf 89' lang='lat' dir='ltr'>relligione</span> <span class='ocrx_word' id='word_1_201' title='bbox 1703 1748 1800 1822; x_wconf 89' lang='lat' dir='ltr'>colit.</span> 
     </span>
     <span class='ocr_line' id='line_1_22' title="bbox 1163 1846 1856 1942; baseline 0.001 -23"><span class='ocrx_word' id='word_1_202' title='bbox 1163 1846 1211 1919; x_wconf 84' lang='lat' dir='ltr'>Et</span> <span class='ocrx_word' id='word_1_203' title='bbox 1227 1848 1290 1942; x_wconf 93' lang='lat' dir='ltr'>qui</span> <span class='ocrx_word' id='word_1_204' title='bbox 1307 1846 1449 1917; x_wconf 90' lang='lat' dir='ltr'>divinae</span> <span class='ocrx_word' id='word_1_205' title='bbox 1464 1847 1534 1938; x_wconf 89' lang='lat' dir='ltr'>legi</span> <span class='ocrx_word' id='word_1_206' title='bbox 1549 1871 1672 1938; x_wconf 87' lang='lat' dir='ltr'>parere</span> <span class='ocrx_word' id='word_1_207' title='bbox 1688 1850 1856 1934; x_wconf 79' lang='lat' dir='ltr'>studebit,</span> 
     </span>
     <span class='ocr_line' id='line_1_23' title="bbox 1215 1948 1923 2027; baseline 0.001 -2"><span class='ocrx_word' id='word_1_208' title='bbox 1215 1950 1264 2025; x_wconf 85' lang='lat' dir='ltr'>Et</span> <span class='ocrx_word' id='word_1_209' title='bbox 1280 1951 1338 2020; x_wconf 93' lang='lat' dir='ltr'>cui</span> <span class='ocrx_word' id='word_1_210' title='bbox 1353 1948 1500 2020; x_wconf 88' lang='lat' dir='ltr'>deliciae</span> <span class='ocrx_word' id='word_1_211' title='bbox 1517 1964 1602 2020; x_wconf 91' lang='lat' dir='ltr'>sunt</span> <span class='ocrx_word' id='word_1_212' title='bbox 1617 1953 1713 2022; x_wconf 92' lang='lat' dir='ltr'>bona</span> <span class='ocrx_word' id='word_1_213' title='bbox 1730 1952 1825 2022; x_wconf 91' lang='lat' dir='ltr'>iussa</span> <span class='ocrx_word' id='word_1_214' title='bbox 1841 1949 1923 2027; x_wconf 83' lang='lat' dir='ltr'>Dei.</span> 
     </span>
     <span class='ocr_line' id='line_1_24' title="bbox 1164 2051 2051 2148; baseline 0.005 -23"><span class='ocrx_word' id='word_1_215' title='bbox 1164 2053 1349 2125; x_wconf 86' lang='lat' dir='ltr'>Fluctibus</span> <span class='ocrx_word' id='word_1_216' title='bbox 1367 2051 1406 2120; x_wconf 92' lang='lat' dir='ltr'>in</span> <span class='ocrx_word' id='word_1_217' title='bbox 1423 2051 1548 2122; x_wconf 89' lang='lat' dir='ltr'>mediis</span> <span class='ocrx_word' id='word_1_218' title='bbox 1564 2055 1763 2125; x_wconf 86' lang='lat' dir='ltr'>servabitur</span> <span class='ocrx_word' id='word_1_219' title='bbox 1778 2054 1859 2139; x_wconf 90' lang='lat' dir='ltr'>ille,</span> <span class='ocrx_word' id='word_1_220' title='bbox 1884 2068 2051 2148; x_wconf 82' lang='lat' dir='ltr'>paternas</span> 
     </span>
     <span class='ocr_line' id='line_1_25' title="bbox 1216 2154 1900 2247; baseline -0.001 -21"><span class='ocrx_word' id='word_1_221' title='bbox 1216 2154 1452 2247; x_wconf 88' lang='lat' dir='ltr'>Implebitque</span> <span class='ocrx_word' id='word_1_222' title='bbox 1467 2175 1529 2223; x_wconf 83' lang='lat' dir='ltr'>sua</span> <span class='ocrx_word' id='word_1_223' title='bbox 1546 2156 1748 2247; x_wconf 88' lang='lat' dir='ltr'>posteritate</span> <span class='ocrx_word' id='word_1_224' title='bbox 1763 2159 1900 2227; x_wconf 86' lang='lat' dir='ltr'>domos.</span> 
     </span>
     <span class='ocr_line' id='line_1_26' title="bbox 1143 2255 2016 2353; baseline 0 -24"><span class='ocrx_word' id='word_1_225' title='bbox 1143 2256 1152 2295; x_wconf 70' lang='lat'>‘&#39;</span> <span class='ocrx_word' id='word_1_226' title='bbox 1164 2255 1213 2345; x_wconf 85' lang='lat' dir='ltr'>Et</span> <span class='ocrx_word' id='word_1_227' title='bbox 1230 2280 1433 2353; x_wconf 89' lang='lat' dir='ltr'>quanquam</span> <span class='ocrx_word' id='word_1_228' title='bbox 1452 2256 1561 2325; x_wconf 88' lang='lat' dir='ltr'>variis</span> <span class='ocrx_word' id='word_1_229' title='bbox 1577 2257 1727 2331; x_wconf 89' lang='lat' dir='ltr'>iactetur</span> <span class='ocrx_word' id='word_1_230' title='bbox 1743 2282 1845 2350; x_wconf 85' lang='lat' dir='ltr'>saepe</span> <span class='ocrx_word' id='word_1_231' title='bbox 1860 2258 2016 2351; x_wconf 82' lang='lat' dir='ltr'>periclis,</span> 
     </span>
     <span class='ocr_line' id='line_1_27' title="bbox 62 2352 2082 2456; baseline 0.003 -24"><span class='ocrx_word' id='word_1_232' title='bbox 62 2431 65 2436; x_wconf 86' lang='grc'><em>,</em></span> <span class='ocrx_word' id='word_1_233' title='bbox 1217 2357 1385 2432; x_wconf 83' lang='lat' dir='ltr'>Attamen</span> <span class='ocrx_word' id='word_1_234' title='bbox 1401 2352 1499 2428; x_wconf 91' lang='lat' dir='ltr'>bunc</span> <span class='ocrx_word' id='word_1_235' title='bbox 1514 2381 1673 2431; x_wconf 89' lang='lat' dir='ltr'>summus</span> <span class='ocrx_word' id='word_1_236' title='bbox 1690 2375 1806 2432; x_wconf 87' lang='lat' dir='ltr'>servat</span> <span class='ocrx_word' id='word_1_237' title='bbox 1821 2363 1956 2455; x_wconf 92' lang='lat' dir='ltr'>alitque</span> <span class='ocrx_word' id='word_1_238' title='bbox 1973 2378 2082 2456; x_wconf 89' lang='lat' dir='ltr'>pater.</span> 
     </span>
     <span class='ocr_line' id='line_1_28' title="bbox 141 2424 1902 2556; baseline -0.001 -23"><span class='ocrx_word' id='word_1_239' title='bbox 141 2440 284 2516; x_wconf 75' lang='lat' dir='ltr'><strong>N⁰·69·</strong></span> <span class='ocrx_word' id='word_1_240' title='bbox 926 2424 1117 2556; x_wconf 59' lang='lat' dir='ltr'>(Q)</span> <span class='ocrx_word' id='word_1_241' title='bbox 1165 2461 1285 2534; x_wconf 88' lang='lat' dir='ltr'>Huius</span> <span class='ocrx_word' id='word_1_242' title='bbox 1303 2474 1450 2532; x_wconf 90' lang='lat' dir='ltr'>conatus</span> <span class='ocrx_word' id='word_1_243' title='bbox 1464 2461 1579 2531; x_wconf 82' lang='lat' dir='ltr'>facilis</span> <span class='ocrx_word' id='word_1_244' title='bbox 1595 2463 1739 2534; x_wconf 76' lang='lat' dir='ltr'>ionuna</span> <span class='ocrx_word' id='word_1_245' title='bbox 1755 2463 1902 2544; x_wconf 83' lang='lat' dir='ltr'>fovebit,</span> 
     </span>
     <span class='ocr_line' id='line_1_29' title="bbox 129 2538 2020 2644; baseline 0.001 -7"><span class='ocrx_word' id='word_1_246' title='bbox 129 2538 300 2570; x_wconf 52' lang='lat' dir='ltr'><em>w</em></span> <span class='ocrx_word' id='word_1_247' title='bbox 1217 2559 1395 2637; x_wconf 91' lang='lat' dir='ltr'>Provehet</span> <span class='ocrx_word' id='word_1_248' title='bbox 1411 2576 1445 2633; x_wconf 94' lang='lat' dir='ltr'>et</span> <span class='ocrx_word' id='word_1_249' title='bbox 1461 2564 1585 2635; x_wconf 80' lang='lat' dir='ltr'>dextro</span> <span class='ocrx_word' id='word_1_250' title='bbox 1601 2565 1751 2636; x_wconf 91' lang='lat' dir='ltr'>numine</span> <span class='ocrx_word' id='word_1_251' title='bbox 1766 2579 1892 2638; x_wconf 85' lang='lat' dir='ltr'>cuncta</span> <span class='ocrx_word' id='word_1_252' title='bbox 1909 2563 2020 2644; x_wconf 87' lang='lat' dir='ltr'>Deus.</span> 
     </span>
     <span class='ocr_line' id='line_1_30' title="bbox 1167 2663 1977 2758; baseline -0.001 -19"><span class='ocrx_word' id='word_1_253' title='bbox 1167 2669 1270 2740; x_wconf 90' lang='lat' dir='ltr'>Illius</span> <span class='ocrx_word' id='word_1_254' title='bbox 1286 2665 1437 2737; x_wconf 88' lang='lat' dir='ltr'>aestivae</span> <span class='ocrx_word' id='word_1_255' title='bbox 1455 2667 1674 2758; x_wconf 90' lang='lat' dir='ltr'>superabunt</span> <span class='ocrx_word' id='word_1_256' title='bbox 1690 2663 1977 2755; x_wconf 78' lang='lat' dir='ltr'>horreamesscs‚</span> 
     </span>
     <span class='ocr_line' id='line_1_31' title="bbox 1218 2766 2182 2861; baseline -0.001 -20"><span class='ocrx_word' id='word_1_257' title='bbox 1218 2766 1265 2841; x_wconf 81' lang='lat' dir='ltr'>Et</span> <span class='ocrx_word' id='word_1_258' title='bbox 1280 2771 1396 2858; x_wconf 85' lang='lat' dir='ltr'>fruges</span> <span class='ocrx_word' id='word_1_259' title='bbox 1413 2768 1530 2860; x_wconf 91' lang='lat' dir='ltr'>amplo</span> <span class='ocrx_word' id='word_1_260' title='bbox 1547 2769 1693 2841; x_wconf 83' lang='lat' dir='ltr'>foenore</span> <span class='ocrx_word' id='word_1_261' title='bbox 1708 2771 1833 2841; x_wconf 89' lang='lat' dir='ltr'>reddet</span> <span class='ocrx_word' id='word_1_262' title='bbox 1848 2794 1943 2861; x_wconf 84' lang='lat' dir='ltr'>ager.</span> <span class='ocrx_word' id='word_1_263' title='bbox 2180 2850 2182 2859; x_wconf 33' lang='grc' dir='ltr'>Ι</span> 
     </span>
     <span class='ocr_line' id='line_1_32' title="bbox 202 2869 2081 2974; baseline 0.002 -30"><span class='ocrx_word' id='word_1_264' title='bbox 202 2889 373 2963; x_wconf 60' lang='lat' dir='ltr'>pgalmm</span> <span class='ocrx_word' id='word_1_265' title='bbox 398 2882 535 2957; x_wconf 68' lang='lat' dir='ltr'><em>CXII„-</em></span> <span class='ocrx_word' id='word_1_266' title='bbox 560 2883 741 2969; x_wconf 70' lang='lat' dir='ltr'>„Beatus</span> <span class='ocrx_word' id='word_1_267' title='bbox 762 2883 821 2952; x_wconf 70' lang='lat' dir='ltr'>nir</span> <span class='ocrx_word' id='word_1_268' title='bbox 844 2882 907 2974; x_wconf 69' lang='lat' dir='ltr'>qut</span> <span class='ocrx_word' id='word_1_269' title='bbox 928 2881 1040 2952; x_wconf 67' lang='lat' dir='ltr'>timet</span> <span class='ocrx_word' id='word_1_270' title='bbox 1166 2872 1277 2944; x_wconf 89' lang='lat' dir='ltr'>Hunc</span> <span class='ocrx_word' id='word_1_271' title='bbox 1291 2884 1391 2964; x_wconf 87' lang='lat' dir='ltr'>pater</span> <span class='ocrx_word' id='word_1_272' title='bbox 1407 2869 1554 2965; x_wconf 88' lang='lat' dir='ltr'>ancipiti</span> <span class='ocrx_word' id='word_1_273' title='bbox 1570 2873 1724 2943; x_wconf 87' lang='lat' dir='ltr'>servabit</span> <span class='ocrx_word' id='word_1_274' title='bbox 1739 2887 1917 2964; x_wconf 90' lang='lat' dir='ltr'>tempore,</span> <span class='ocrx_word' id='word_1_275' title='bbox 1939 2871 2033 2947; x_wconf 84' lang='lat' dir='ltr'>iusta</span> <span class='ocrx_word' id='word_1_276' title='bbox 2079 2965 2081 2969; x_wconf 10' lang='grc' dir='ltr'><em>Α</em></span> 
     </span>
     <span class='ocr_line' id='line_1_33' title="bbox 464 2971 1920 3069; baseline -0.004 -22"><span class='ocrx_word' id='word_1_277' title='bbox 464 2977 685 3057; x_wconf 74' lang='lat' dir='ltr'>dominmn”</span> <span class='ocrx_word' id='word_1_278' title='bbox 715 2988 781 3056; x_wconf 79' lang='lat' dir='ltr'>etc.</span> <span class='ocrx_word' id='word_1_279' title='bbox 1218 2974 1332 3047; x_wconf 85' lang='lat' dir='ltr'>Causa</span> <span class='ocrx_word' id='word_1_280' title='bbox 1348 2971 1546 3064; x_wconf 89' lang='lat' dir='ltr'>patrocinio</span> <span class='ocrx_word' id='word_1_281' title='bbox 1562 2974 1680 3045; x_wconf 91' lang='lat' dir='ltr'>vincet</span> <span class='ocrx_word' id='word_1_282' title='bbox 1694 2975 1829 3069; x_wconf 89' lang='lat' dir='ltr'>ubique</span> <span class='ocrx_word' id='word_1_283' title='bbox 1841 2973 1920 3045; x_wconf 91' lang='lat' dir='ltr'>Dei.</span> 
     </span>
     <span class='ocr_line' id='line_1_34' title="bbox 1168 3076 2006 3167; baseline -0.001 -18"><span class='ocrx_word' id='word_1_284' title='bbox 1168 3077 1250 3149; x_wconf 90' lang='lat' dir='ltr'>Non</span> <span class='ocrx_word' id='word_1_285' title='bbox 1266 3078 1416 3147; x_wconf 88' lang='lat' dir='ltr'>deerunt</span> <span class='ocrx_word' id='word_1_286' title='bbox 1432 3097 1591 3167; x_wconf 88' lang='lat' dir='ltr'>unquam</span> <span class='ocrx_word' id='word_1_287' title='bbox 1607 3076 1727 3147; x_wconf 91' lang='lat' dir='ltr'>dubiis</span> <span class='ocrx_word' id='word_1_288' title='bbox 1743 3076 1870 3148; x_wconf 89' lang='lat' dir='ltr'>solatia</span> <span class='ocrx_word' id='word_1_289' title='bbox 1886 3077 2006 3162; x_wconf 89' lang='lat' dir='ltr'>rebus,</span> 
     </span>
     <span class='ocr_line' id='line_1_35' title="bbox 1221 3177 1958 3269; baseline 0.007 -21"><span class='ocrx_word' id='word_1_290' title='bbox 1221 3178 1322 3269; x_wconf 88' lang='lat' dir='ltr'>Quae</span> <span class='ocrx_word' id='word_1_291' title='bbox 1337 3177 1473 3247; x_wconf 83' lang='lat' dir='ltr'>faciunt</span> <span class='ocrx_word' id='word_1_292' title='bbox 1488 3191 1609 3269; x_wconf 87' lang='lat' dir='ltr'>pectus</span> <span class='ocrx_word' id='word_1_293' title='bbox 1626 3178 1763 3249; x_wconf 85' lang='lat' dir='ltr'>firmius</span> <span class='ocrx_word' id='word_1_294' title='bbox 1779 3202 1852 3248; x_wconf 92' lang='lat' dir='ltr'>esse</span> <span class='ocrx_word' id='word_1_295' title='bbox 1866 3179 1958 3253; x_wconf 90' lang='lat' dir='ltr'>viro.</span> 
     </span>
     <span class='ocr_line' id='line_1_36' title="bbox 1168 3279 2181 3373; baseline -0.001 -20"><span class='ocrx_word' id='word_1_296' title='bbox 1168 3281 1324 3361; x_wconf 89' lang='lat' dir='ltr'>Lumina</span> <span class='ocrx_word' id='word_1_297' title='bbox 1343 3304 1408 3349; x_wconf 92' lang='lat' dir='ltr'>ceu</span> <span class='ocrx_word' id='word_1_298' title='bbox 1424 3279 1579 3350; x_wconf 90' lang='lat' dir='ltr'>tenebris</span> <span class='ocrx_word' id='word_1_299' title='bbox 1594 3283 1741 3373; x_wconf 91' lang='lat' dir='ltr'>adparet</span> <span class='ocrx_word' id='word_1_300' title='bbox 1758 3281 1853 3352; x_wconf 91' lang='lat' dir='ltr'>clara</span> <span class='ocrx_word' id='word_1_301' title='bbox 1869 3281 2027 3370; x_wconf 86' lang='lat' dir='ltr'>remotis,</span> <span class='ocrx_word' id='word_1_302' title='bbox 2062 3352 2064 3357; x_wconf 22' lang='lat'><strong>⁴</strong></span> <span class='ocrx_word' id='word_1_303' title='bbox 2175 3318 2181 3363; x_wconf 88' lang='grc'>·,</span> 
     </span>
     <span class='ocr_line' id='line_1_37' title="bbox 1220 3379 2181 3481; baseline 0.002 -28"><span class='ocrx_word' id='word_1_304' title='bbox 1220 3382 1280 3455; x_wconf 89' lang='lat' dir='ltr'>Sic</span> <span class='ocrx_word' id='word_1_305' title='bbox 1296 3381 1387 3452; x_wconf 90' lang='lat' dir='ltr'>tristi</span> <span class='ocrx_word' id='word_1_306' title='bbox 1405 3381 1565 3452; x_wconf 89' lang='lat' dir='ltr'>inveniet</span> <span class='ocrx_word' id='word_1_307' title='bbox 1580 3397 1739 3474; x_wconf 90' lang='lat' dir='ltr'>tempore</span> <span class='ocrx_word' id='word_1_308' title='bbox 1756 3383 1868 3453; x_wconf 88' lang='lat' dir='ltr'>laetus</span> <span class='ocrx_word' id='word_1_309' title='bbox 1885 3379 1918 3478; x_wconf 91' lang='lat'>¹)</span> <span class='ocrx_word' id='word_1_310' title='bbox 1936 3407 2053 3476; x_wconf 69' lang='lat' dir='ltr'>opem·</span> <span class='ocrx_word' id='word_1_311' title='bbox 2179 3428 2181 3481; x_wconf 53' lang='grc' dir='ltr'><strong>ἱ</strong></span> 
     </span>
     <span class='ocr_line' id='line_1_38' title="bbox 1171 3483 2181 3577; baseline -0.001 -21"><span class='ocrx_word' id='word_1_312' title='bbox 1171 3487 1237 3556; x_wconf 93' lang='lat' dir='ltr'>Vir</span> <span class='ocrx_word' id='word_1_313' title='bbox 1250 3486 1368 3555; x_wconf 90' lang='lat' dir='ltr'>bonus</span> <span class='ocrx_word' id='word_1_314' title='bbox 1385 3483 1526 3553; x_wconf 85' lang='lat' dir='ltr'>adflicto</span> <span class='ocrx_word' id='word_1_315' title='bbox 1544 3485 1657 3554; x_wconf 85' lang='lat' dir='ltr'>facilis</span> <span class='ocrx_word' id='word_1_316' title='bbox 1674 3485 1848 3556; x_wconf 90' lang='lat' dir='ltr'>succurrit</span> <span class='ocrx_word' id='word_1_317' title='bbox 1863 3484 1976 3555; x_wconf 89' lang='lat' dir='ltr'>amico</span> <span class='ocrx_word' id='word_1_318' title='bbox 2178 3484 2181 3577; x_wconf 62' lang='lat' dir='ltr'>J</span> 
     </span>
     <span class='ocr_line' id='line_1_39' title="bbox 1170 3585 1957 3680; baseline 0.003 -22"><span class='ocrx_word' id='word_1_319' title='bbox 1170 3670 1173 3678; x_wconf 37' lang='grc'><strong>,</strong></span> <span class='ocrx_word' id='word_1_320' title='bbox 1219 3585 1266 3658; x_wconf 80' lang='lat' dir='ltr'>Et</span> <span class='ocrx_word' id='word_1_321' title='bbox 1282 3609 1494 3680; x_wconf 92' lang='lat' dir='ltr'>quacunque</span> <span class='ocrx_word' id='word_1_322' title='bbox 1509 3600 1626 3678; x_wconf 88' lang='lat' dir='ltr'>potest</span> <span class='ocrx_word' id='word_1_323' title='bbox 1640 3586 1829 3657; x_wconf 88' lang='lat' dir='ltr'>sedulitate</span> <span class='ocrx_word' id='word_1_324' title='bbox 1846 3587 1957 3660; x_wconf 85' lang='lat' dir='ltr'>iuvat.</span> 
     </span>
     <span class='ocr_line' id='line_1_40' title="bbox 1170 3687 2014 3784; baseline -0.004 -22"><span class='ocrx_word' id='word_1_325' title='bbox 1170 3687 1334 3784; x_wconf 84' lang='lat' dir='ltr'>Aeraque</span> <span class='ocrx_word' id='word_1_326' title='bbox 1350 3711 1424 3758; x_wconf 89' lang='lat' dir='ltr'>non</span> <span class='ocrx_word' id='word_1_327' title='bbox 1441 3709 1522 3777; x_wconf 87' lang='lat' dir='ltr'>agre</span> <span class='ocrx_word' id='word_1_328' title='bbox 1540 3690 1601 3759; x_wconf 94' lang='lat' dir='ltr'>dat</span> <span class='ocrx_word' id='word_1_329' title='bbox 1617 3703 1740 3760; x_wconf 87' lang='lat' dir='ltr'>mutua</span> <span class='ocrx_word' id='word_1_330' title='bbox 1756 3689 1848 3758; x_wconf 82' lang='lat' dir='ltr'>ferre</span> <span class='ocrx_word' id='word_1_331' title='bbox 1865 3689 2014 3781; x_wconf 90' lang='lat' dir='ltr'>petenti,</span> 
     </span>
     <span class='ocr_line' id='line_1_41' title="bbox 1221 3787 1892 3882; baseline 0.003 -20"><span class='ocrx_word' id='word_1_332' title='bbox 1221 3787 1275 3862; x_wconf 82' lang='lat' dir='ltr'>Ac</span> <span class='ocrx_word' id='word_1_333' title='bbox 1289 3790 1418 3882; x_wconf 92' lang='lat' dir='ltr'>opibus</span> <span class='ocrx_word' id='word_1_334' title='bbox 1433 3790 1529 3880; x_wconf 84' lang='lat' dir='ltr'>large</span> <span class='ocrx_word' id='word_1_335' title='bbox 1546 3790 1713 3862; x_wconf 90' lang='lat' dir='ltr'>subvenit</span> <span class='ocrx_word' id='word_1_336' title='bbox 1728 3790 1789 3859; x_wconf 90' lang='lat' dir='ltr'>ille</span> <span class='ocrx_word' id='word_1_337' title='bbox 1807 3791 1892 3864; x_wconf 89' lang='lat' dir='ltr'>suis.</span> 
     </span>
     <span class='ocr_line' id='line_1_42' title="bbox 1170 3889 2132 3987; baseline 0.001 -23"><span class='ocrx_word' id='word_1_338' title='bbox 1170 3893 1244 3964; x_wconf 90' lang='lat' dir='ltr'>Nec</span> <span class='ocrx_word' id='word_1_339' title='bbox 1258 3894 1327 3962; x_wconf 90' lang='lat' dir='ltr'>sibi</span> <span class='ocrx_word' id='word_1_340' title='bbox 1343 3892 1486 3963; x_wconf 90' lang='lat' dir='ltr'>divitias</span> <span class='ocrx_word' id='word_1_341' title='bbox 1504 3917 1566 3984; x_wconf 88' lang='lat' dir='ltr'>per</span> <span class='ocrx_word' id='word_1_342' title='bbox 1581 3894 1742 3963; x_wconf 79' lang='lat' dir='ltr'>fraudem</span> <span class='ocrx_word' id='word_1_343' title='bbox 1761 3905 1822 3962; x_wconf 91' lang='lat' dir='ltr'>aut</span> <span class='ocrx_word' id='word_1_344' title='bbox 1836 3894 1976 3987; x_wconf 90' lang='lat' dir='ltr'>quaerit</span> <span class='ocrx_word' id='word_1_345' title='bbox 1991 3889 2132 3975; x_wconf 74' lang='lat' dir='ltr'>honore,</span> 
     </span>
     <span class='ocr_line' id='line_1_43' title="bbox 1222 3994 2005 4086; baseline 0.004 -21"><span class='ocrx_word' id='word_1_346' title='bbox 1222 3994 1295 4065; x_wconf 91' lang='lat' dir='ltr'>Nec</span> <span class='ocrx_word' id='word_1_347' title='bbox 1312 3994 1477 4086; x_wconf 91' lang='lat' dir='ltr'>cuiquam</span> <span class='ocrx_word' id='word_1_348' title='bbox 1493 3995 1642 4065; x_wconf 90' lang='lat' dir='ltr'>iniustas</span> <span class='ocrx_word' id='word_1_349' title='bbox 1658 3994 1774 4065; x_wconf 91' lang='lat' dir='ltr'>iniicit</span> <span class='ocrx_word' id='word_1_350' title='bbox 1790 3995 1852 4064; x_wconf 90' lang='lat' dir='ltr'>ille</span> <span class='ocrx_word' id='word_1_351' title='bbox 1867 4018 2005 4068; x_wconf 88' lang='lat' dir='ltr'>manus.</span> 
     </span>
     <span class='ocr_line' id='line_1_44' title="bbox 1172 4097 2043 4196; baseline 0 -26"><span class='ocrx_word' id='word_1_352' title='bbox 1172 4097 1372 4191; x_wconf 86' lang='lat' dir='ltr'>Siquando</span> <span class='ocrx_word' id='word_1_353' title='bbox 1390 4097 1536 4196; x_wconf 80' lang='lat' dir='ltr'>exitium</span> <span class='ocrx_word' id='word_1_354' title='bbox 1552 4099 1695 4168; x_wconf 79' lang='lat' dir='ltr'>fortuna</span> <span class='ocrx_word' id='word_1_355' title='bbox 1712 4097 1857 4166; x_wconf 91' lang='lat' dir='ltr'>inimica</span> <span class='ocrx_word' id='word_1_356' title='bbox 1875 4097 2043 4182; x_wconf 81' lang='lat' dir='ltr'>minatur,</span> 
     </span>
     <span class='ocr_line' id='line_1_45' title="bbox 1223 4196 1918 4290; baseline 0.001 -23"><span class='ocrx_word' id='word_1_357' title='bbox 1223 4196 1326 4268; x_wconf 89' lang='lat' dir='ltr'>Illius</span> <span class='ocrx_word' id='word_1_358' title='bbox 1344 4222 1481 4290; x_wconf 87' lang='lat' dir='ltr'>semper</span> <span class='ocrx_word' id='word_1_359' title='bbox 1497 4200 1574 4269; x_wconf 84' lang='lat' dir='ltr'>vult</span> <span class='ocrx_word' id='word_1_360' title='bbox 1590 4199 1791 4269; x_wconf 86' lang='lat' dir='ltr'>meminisse</span> <span class='ocrx_word' id='word_1_361' title='bbox 1808 4197 1918 4270; x_wconf 87' lang='lat' dir='ltr'>Deus.</span> 
     </span>
     <span class='ocr_line' id='line_1_46' title="bbox 1173 4297 2002 4394; baseline 0.001 -21"><span class='ocrx_word' id='word_1_362' title='bbox 1173 4299 1219 4373; x_wconf 87' lang='lat' dir='ltr'>Et</span> <span class='ocrx_word' id='word_1_363' title='bbox 1234 4300 1317 4394; x_wconf 89' lang='lat' dir='ltr'>quia</span> <span class='ocrx_word' id='word_1_364' title='bbox 1331 4323 1369 4370; x_wconf 90' lang='lat' dir='ltr'>se</span> <span class='ocrx_word' id='word_1_365' title='bbox 1388 4324 1493 4371; x_wconf 86' lang='lat' dir='ltr'>curae</span> <span class='ocrx_word' id='word_1_366' title='bbox 1510 4324 1582 4370; x_wconf 85' lang='lat' dir='ltr'>esse</span> <span class='ocrx_word' id='word_1_367' title='bbox 1600 4297 1677 4371; x_wconf 89' lang='lat' dir='ltr'>Deo</span> <span class='ocrx_word' id='word_1_368' title='bbox 1694 4301 1871 4371; x_wconf 87' lang='lat' dir='ltr'>confidere</span> <span class='ocrx_word' id='word_1_369' title='bbox 1887 4303 2002 4390; x_wconf 89' lang='lat' dir='ltr'>novit,</span> 
     </span>
     <span class='ocr_line' id='line_1_47' title="bbox 1225 4396 1988 4477; baseline 0.007 -5"><span class='ocrx_word' id='word_1_370' title='bbox 1225 4401 1305 4472; x_wconf 90' lang='lat' dir='ltr'>Non</span> <span class='ocrx_word' id='word_1_371' title='bbox 1323 4396 1408 4471; x_wconf 92' lang='lat' dir='ltr'>huic</span> <span class='ocrx_word' id='word_1_372' title='bbox 1423 4396 1572 4474; x_wconf 78' lang='lat' dir='ltr'>incutiet</span> <span class='ocrx_word' id='word_1_373' title='bbox 1586 4402 1717 4472; x_wconf 89' lang='lat' dir='ltr'>nuncia</span> <span class='ocrx_word' id='word_1_374' title='bbox 1730 4403 1824 4474; x_wconf 87' lang='lat' dir='ltr'>sama</span> <span class='ocrx_word' id='word_1_375' title='bbox 1839 4415 1988 4477; x_wconf 85' lang='lat' dir='ltr'>metum.</span> 
     </span>
     <span class='ocr_line' id='line_1_48' title="bbox 1099 4503 2181 4604; baseline 0.005 -31"><span class='ocrx_word' id='word_1_376' title='bbox 1099 4557 1102 4561; x_wconf 29' lang='grc' dir='ltr'><em>ψ</em></span> <span class='ocrx_word' id='word_1_377' title='bbox 1174 4503 1279 4574; x_wconf 90' lang='lat' dir='ltr'>Mens</span> <span class='ocrx_word' id='word_1_378' title='bbox 1293 4505 1439 4575; x_wconf 90' lang='lat' dir='ltr'>immota</span> <span class='ocrx_word' id='word_1_379' title='bbox 1455 4507 1553 4576; x_wconf 88' lang='lat' dir='ltr'>velut</span> <span class='ocrx_word' id='word_1_380' title='bbox 1567 4527 1694 4594; x_wconf 87' lang='lat' dir='ltr'>magno</span> <span class='ocrx_word' id='word_1_381' title='bbox 1712 4530 1792 4575; x_wconf 89' lang='lat' dir='ltr'>cum</span> <span class='ocrx_word' id='word_1_382' title='bbox 1807 4507 1936 4578; x_wconf 87' lang='lat' dir='ltr'>robore</span> <span class='ocrx_word' id='word_1_383' title='bbox 1953 4529 2107 4604; x_wconf 76' lang='lat' dir='ltr'>quercus,</span> <span class='ocrx_word' id='word_1_384' title='bbox 2177 4530 2181 4569; x_wconf 74' lang='lat' dir='ltr'>i</span> 
     </span>
     <span class='ocr_line' id='line_1_49' title="bbox 1225 4604 2140 4704; baseline 0.009 -27"><span class='ocrx_word' id='word_1_385' title='bbox 1225 4604 1391 4687; x_wconf 89' lang='lat' dir='ltr'>Constat,</span> <span class='ocrx_word' id='word_1_386' title='bbox 1422 4621 1457 4677; x_wconf 88' lang='lat' dir='ltr'>et</span> <span class='ocrx_word' id='word_1_387' title='bbox 1477 4607 1515 4676; x_wconf 92' lang='lat' dir='ltr'>in</span> <span class='ocrx_word' id='word_1_388' title='bbox 1535 4604 1713 4692; x_wconf 91' lang='lat' dir='ltr'>Domino,</span> <span class='ocrx_word' id='word_1_389' title='bbox 1746 4632 1914 4704; x_wconf 89' lang='lat' dir='ltr'>spemque</span> <span class='ocrx_word' id='word_1_390' title='bbox 1935 4612 2140 4704; x_wconf 78' lang='lat' dir='ltr'>animumque</span> 
     </span>
     <span class='ocr_line' id='line_1_50' title="bbox 1441 4711 1810 4780; baseline 0.008 -3"><span class='ocrx_word' id='word_1_391' title='bbox 1441 4770 1452 4777; x_wconf 91' lang='lat'><strong>.</strong></span> <span class='ocrx_word' id='word_1_392' title='bbox 1706 4711 1810 4780; x_wconf 90' lang='lat' dir='ltr'>locat.</span> 
     </span>
     <span class='ocr_line' id='line_1_51' title="bbox 139 4809 2180 4907; baseline 0.006 -33"><span class='ocrx_word' id='word_1_393' title='bbox 139 4822 352 4836; x_wconf 44' lang='lat' dir='ltr'>‘&#39;w“</span> <span class='ocrx_word' id='word_1_394' title='bbox 1175 4809 1245 4882; x_wconf 87' lang='lat' dir='ltr'>Sed</span> <span class='ocrx_word' id='word_1_395' title='bbox 1260 4810 1323 4904; x_wconf 95' lang='lat' dir='ltr'>qui</span> <span class='ocrx_word' id='word_1_396' title='bbox 1339 4810 1533 4881; x_wconf 89' lang='lat' dir='ltr'>contemnit</span> <span class='ocrx_word' id='word_1_397' title='bbox 1548 4810 1709 4882; x_wconf 87' lang='lat' dir='ltr'>coelestia</span> <span class='ocrx_word' id='word_1_398' title='bbox 1726 4812 1839 4898; x_wconf 91' lang='lat' dir='ltr'>iussa,</span> <span class='ocrx_word' id='word_1_399' title='bbox 1862 4813 2006 4907; x_wconf 83' lang='lat' dir='ltr'>peribit,</span> <span class='ocrx_word' id='word_1_400' title='bbox 2108 4894 2111 4899; x_wconf 48' lang='grc'>,</span> <span class='ocrx_word' id='word_1_401' title='bbox 2177 4832 2180 4853; x_wconf 89' lang='grc'>·</span> 
     </span>
    </p>
   </div>
   <div class='ocr_carea' id='block_1_7' title="bbox 169 4890 1985 5050">
    <p class='ocr_par' dir='ltr' id='par_1_7' title="bbox 169 4890 1985 5050">
     <span class='ocr_line' id='line_1_52' title="bbox 170 4890 1985 5003; baseline -0.003 -7"><span class='ocrx_word' id='word_1_402' title='bbox 170 4896 197 4965; x_wconf 64' lang='lat'>⁵)</span> <span class='ocrx_word' id='word_1_403' title='bbox 216 4894 276 4995; x_wconf 57' lang='lat'>³²3⁹</span> <span class='ocrx_word' id='word_1_404' title='bbox 291 4890 521 4948; x_wconf 55' lang='lat'>‘¹⁵⁸⁰‘&#39;¹⁰⁶‘⁶‘²&#39;</span> <span class='ocrx_word' id='word_1_405' title='bbox 712 4975 718 4989; x_wconf 91' lang='lat'>.</span> <span class='ocrx_word' id='word_1_406' title='bbox 966 4965 969 4973; x_wconf 85' lang='lat'>-</span> <span class='ocrx_word' id='word_1_407' title='bbox 1123 4942 1132 4966; x_wconf 60' lang='grc' dir='ltr'><em>Ι</em></span> <span class='ocrx_word' id='word_1_408' title='bbox 1226 4911 1317 4982; x_wconf 91' lang='lat' dir='ltr'>Nam</span> <span class='ocrx_word' id='word_1_409' title='bbox 1336 4914 1455 4984; x_wconf 91' lang='lat' dir='ltr'>subito</span> <span class='ocrx_word' id='word_1_410' title='bbox 1473 4913 1591 4984; x_wconf 89' lang='lat' dir='ltr'>veniet</span> <span class='ocrx_word' id='word_1_411' title='bbox 1606 4937 1731 5003; x_wconf 87' lang='lat' dir='ltr'>magna</span> <span class='ocrx_word' id='word_1_412' title='bbox 1748 4916 1852 4985; x_wconf 88' lang='lat' dir='ltr'>ruina</span> <span class='ocrx_word' id='word_1_413' title='bbox 1868 4917 1985 4992; x_wconf 85' lang='lat' dir='ltr'>malis.</span> 
     </span>
     <span class='ocr_line' id='line_1_53' title="bbox 169 4971 1126 5050; baseline -0.008 -15"><span class='ocrx_word' id='word_1_414' title='bbox 169 4986 200 5050; x_wconf 74' lang='grc'>4)</span> <span class='ocrx_word' id='word_1_415' title='bbox 224 4977 257 5032; x_wconf 80' lang='lat' dir='ltr'>Sc</span> <span class='ocrx_word' id='word_1_416' title='bbox 277 4995 326 5047; x_wconf 84' lang='lat' dir='ltr'>spe</span> <span class='ocrx_word' id='word_1_417' title='bbox 348 4981 413 5040; x_wconf 74' lang='lat' dir='ltr'>eto]</span> <span class='ocrx_word' id='word_1_418' title='bbox 439 4974 499 5029; x_wconf 80' lang='lat' dir='ltr'>Bas.</span> <span class='ocrx_word' id='word_1_419' title='bbox 519 4983 548 5026; x_wconf 89' lang='lat' dir='ltr'>et</span> <span class='ocrx_word' id='word_1_420' title='bbox 564 4971 625 5028; x_wconf 83' lang='lat' dir='ltr'>Sec.</span> <span class='ocrx_word' id='word_1_421' title='bbox 660 4971 717 5043; x_wconf 81' lang='lat' dir='ltr'>Qus</span> <span class='ocrx_word' id='word_1_422' title='bbox 733 4973 830 5042; x_wconf 81' lang='lat' dir='ltr'>fidunt</span> <span class='ocrx_word' id='word_1_423' title='bbox 853 4989 990 5040; x_wconf 81' lang='lat' dir='ltr'>superum</span> <span class='ocrx_word' id='word_1_424' title='bbox 1008 4989 1126 5027; x_wconf 79' lang='lat' dir='ltr'>numme</span> 
     </span>
    </p>
   </div>
   <div class='ocr_carea' id='block_1_8' title="bbox 170 5013 2124 5288">
    <p class='ocr_par' dir='ltr' id='par_1_8' title="bbox 170 5013 2124 5288">
     <span class='ocr_line' id='line_1_54' title="bbox 201 5013 2124 5118; baseline 0.006 -32"><span class='ocrx_word' id='word_1_425' title='bbox 201 5065 283 5118; x_wconf 74' lang='lat' dir='ltr'>posse</span> <span class='ocrx_word' id='word_1_426' title='bbox 296 5047 359 5113; x_wconf 57' lang='lat' dir='ltr'>„gg</span> <span class='ocrx_word' id='word_1_427' title='bbox 1175 5013 1243 5085; x_wconf 90' lang='lat' dir='ltr'>Vir</span> <span class='ocrx_word' id='word_1_428' title='bbox 1259 5040 1401 5110; x_wconf 92' lang='lat' dir='ltr'>quoque</span> <span class='ocrx_word' id='word_1_429' title='bbox 1416 5016 1527 5085; x_wconf 89' lang='lat' dir='ltr'>multa</span> <span class='ocrx_word' id='word_1_430' title='bbox 1540 5015 1622 5107; x_wconf 88' lang='lat' dir='ltr'>pius</span> <span class='ocrx_word' id='word_1_431' title='bbox 1637 5017 1774 5088; x_wconf 83' lang='lat' dir='ltr'>confert</span> <span class='ocrx_word' id='word_1_432' title='bbox 1786 5018 1825 5086; x_wconf 87' lang='lat' dir='ltr'>in</span> <span class='ocrx_word' id='word_1_433' title='bbox 1838 5023 2006 5113; x_wconf 88' lang='lat' dir='ltr'>pauperis</span> <span class='ocrx_word' id='word_1_434' title='bbox 2019 5045 2124 5105; x_wconf 78' lang='lat' dir='ltr'>usum,</span> 
     </span>
     <span class='ocr_line' id='line_1_55' title="bbox 171 5113 2106 5210; baseline 0.004 -25"><span class='ocrx_word' id='word_1_435' title='bbox 171 5137 200 5204; x_wconf 82' lang='lat'>5)</span> <span class='ocrx_word' id='word_1_436' title='bbox 219 5130 442 5197; x_wconf 71' lang='lat' dir='ltr'>Ferentinum]</span> <span class='ocrx_word' id='word_1_437' title='bbox 459 5130 519 5181; x_wconf 68' lang='lat' dir='ltr'>tras.</span> <span class='ocrx_word' id='word_1_438' title='bbox 533 5138 560 5181; x_wconf 80' lang='lat' dir='ltr'>et</span> <span class='ocrx_word' id='word_1_439' title='bbox 574 5128 635 5182; x_wconf 79' lang='lat' dir='ltr'>see.</span> <span class='ocrx_word' id='word_1_440' title='bbox 655 5127 689 5180; x_wconf 71' lang='lat' dir='ltr'>Ee</span> <span class='ocrx_word' id='word_1_441' title='bbox 702 5145 760 5181; x_wconf 76' lang='lat' dir='ltr'>non</span> <span class='ocrx_word' id='word_1_442' title='bbox 773 5131 900 5184; x_wconf 74' lang='lat' dir='ltr'>accesso.</span> <span class='ocrx_word' id='word_1_443' title='bbox 1225 5113 1347 5189; x_wconf 85' lang='lat' dir='ltr'>Et&#39;fiet</span> <span class='ocrx_word' id='word_1_444' title='bbox 1362 5116 1499 5185; x_wconf 92' lang='lat' dir='ltr'>miseris</span> <span class='ocrx_word' id='word_1_445' title='bbox 1515 5131 1639 5210; x_wconf 90' lang='lat' dir='ltr'>portus</span> <span class='ocrx_word' id='word_1_446' title='bbox 1658 5132 1691 5188; x_wconf 90' lang='lat' dir='ltr'>et</span> <span class='ocrx_word' id='word_1_447' title='bbox 1708 5144 1791 5190; x_wconf 88' lang='lat' dir='ltr'>aura</span> <span class='ocrx_word' id='word_1_448' title='bbox 1808 5120 1905 5191; x_wconf 89' lang='lat' dir='ltr'>viris.</span> <span class='ocrx_word' id='word_1_449' title='bbox 2096 5118 2106 5135; x_wconf 81' lang='grc'><strong><em>”</em></strong></span> 
     </span>
     <span class='ocr_line' id='line_1_56' title="bbox 170 5216 524 5288; baseline -0.017 -13"><span class='ocrx_word' id='word_1_450' title='bbox 170 5223 199 5288; x_wconf 87' lang='grc'>6)</span> <span class='ocrx_word' id='word_1_451' title='bbox 216 5220 276 5272; x_wconf 81' lang='lat' dir='ltr'>Bas.</span> <span class='ocrx_word' id='word_1_452' title='bbox 291 5226 317 5269; x_wconf 87' lang='lat' dir='ltr'>et</span> <span class='ocrx_word' id='word_1_453' title='bbox 330 5216 389 5272; x_wconf 87' lang='lat' dir='ltr'>Sec.</span> <span class='ocrx_word' id='word_1_454' title='bbox 399 5218 524 5280; x_wconf 81' lang='lat' dir='ltr'>propior.</span> 
     </span>
    </p>
   </div>
   <div class='ocr_carea' id='block_1_9' title="bbox 70 5300 2020 5471">
    <p class='ocr_par' dir='ltr' id='par_1_9' title="bbox 70 5300 2020 5471">
     <span class='ocr_line' id='line_1_57' title="bbox 70 5300 2020 5394; baseline 0.01 -36"><span class='ocrx_word' id='word_1_455' title='bbox 70 5320 78 5335; x_wconf 93' lang='lat'><strong>·</strong></span> <span class='ocrx_word' id='word_1_456' title='bbox 170 5309 198 5375; x_wconf 86' lang='grc'>7)</span> <span class='ocrx_word' id='word_1_457' title='bbox 217 5307 316 5359; x_wconf 73' lang='lat' dir='ltr'>roboro</span> <span class='ocrx_word' id='word_1_458' title='bbox 330 5303 447 5372; x_wconf 77' lang='lat' dir='ltr'>numen]</span> <span class='ocrx_word' id='word_1_459' title='bbox 461 5302 521 5358; x_wconf 74' lang='lat'>3²⁸·</span> <span class='ocrx_word' id='word_1_460' title='bbox 534 5300 634 5358; x_wconf 62' lang='lat' dir='ltr'>siste·</span> <span class='ocrx_word' id='word_1_461' title='bbox 652 5303 780 5363; x_wconf 61' lang='grc' dir='ltr'>ΝΜ·</span> <span class='ocrx_word' id='word_1_462' title='bbox 797 5319 937 5356; x_wconf 63' lang='grc' dir='ltr'>ΜΝ·</span> <span class='ocrx_word' id='word_1_463' title='bbox 1209 5317 1238 5385; x_wconf 87' lang='grc'>*)</span> <span class='ocrx_word' id='word_1_464' title='bbox 1256 5315 1401 5372; x_wconf 81' lang='lat' dir='ltr'>Bas.Sera</span> <span class='ocrx_word' id='word_1_465' title='bbox 1414 5328 1513 5371; x_wconf 82' lang='lat' dir='ltr'>tamen</span> <span class='ocrx_word' id='word_1_466' title='bbox 1528 5321 1622 5372; x_wconf 76' lang='lat' dir='ltr'>inritis</span> <span class='ocrx_word' id='word_1_467' title='bbox 1631 5336 1728 5381; x_wconf 77' lang='lat' dir='ltr'>poeno</span> <span class='ocrx_word' id='word_1_468' title='bbox 1741 5321 1952 5387; x_wconf 78' lang='lat' dir='ltr'>ventepedttm.</span> <span class='ocrx_word' id='word_1_469' title='bbox 2010 5379 2020 5394; x_wconf 66' lang='lat'>‚</span> 
     </span>
     <span class='ocr_line' id='line_1_58' title="bbox 170 5388 1553 5471; baseline 0.006 -23"><span class='ocrx_word' id='word_1_470' title='bbox 170 5393 201 5460; x_wconf 80' lang='lat'>8)</span> <span class='ocrx_word' id='word_1_471' title='bbox 219 5388 413 5458; x_wconf 65' lang='lat' dir='ltr'>limitasse.</span> <span class='ocrx_word' id='word_1_472' title='bbox 432 5392 525 5457; x_wconf 64' lang='lat' dir='ltr'>tanea</span> <span class='ocrx_word' id='word_1_473' title='bbox 542 5392 569 5445; x_wconf 85' lang='lat' dir='ltr'>ss&#39;</span> <span class='ocrx_word' id='word_1_474' title='bbox 575 5389 649 5460; x_wconf 83' lang='lat' dir='ltr'>fieri</span> <span class='ocrx_word' id='word_1_475' title='bbox 666 5391 796 5460; x_wconf 81' lang='lat' dir='ltr'>moenio,</span> <span class='ocrx_word' id='word_1_476' title='bbox 813 5394 918 5462; x_wconf 80' lang='lat' dir='ltr'>datque</span> <span class='ocrx_word' id='word_1_477' title='bbox 927 5397 1024 5458; x_wconf 69' lang='lat' dir='ltr'>pater·</span> <span class='ocrx_word' id='word_1_478' title='bbox 1212 5404 1238 5468; x_wconf 87' lang='lat' dir='ltr'>t)</span> <span class='ocrx_word' id='word_1_479' title='bbox 1256 5403 1358 5471; x_wconf 80' lang='lat' dir='ltr'>taetus]</span> <span class='ocrx_word' id='word_1_480' title='bbox 1374 5401 1433 5457; x_wconf 80' lang='lat' dir='ltr'>Bas.</span> <span class='ocrx_word' id='word_1_481' title='bbox 1445 5411 1553 5469; x_wconf 81' lang='lat' dir='ltr'>pestus.</span> 
     </span>
    </p>
   </div>
   <div class='ocr_carea' id='block_1_10' title="bbox 192 2645 1116 2799">
    <p class='ocr_par' dir='ltr' id='par_1_10' title="bbox 192 2645 1116 2799">
     <span class='ocr_line' id='line_1_59' title="bbox 192 2645 1116 2780; baseline -0.028 -64"><span class='ocrx_word' id='word_1_482' title='bbox 192 2662 225 2716; x_wconf 89' lang='lat' dir='ltr'>ln</span> <span class='ocrx_word' id='word_1_483' title='bbox 242 2661 344 2728; x_wconf 76' lang='lat' dir='ltr'>farrag.</span> <span class='ocrx_word' id='word_1_484' title='bbox 353 2656 448 2780; x_wconf 56' lang='lat' dir='ltr'>{poen</span> <span class='ocrx_word' id='word_1_485' title='bbox 467 2660 494 2705; x_wconf 84' lang='lat' dir='ltr'>et</span> <span class='ocrx_word' id='word_1_486' title='bbox 514 2649 543 2703; x_wconf 92' lang='lat' dir='ltr'>in</span> <span class='ocrx_word' id='word_1_487' title='bbox 559 2666 624 2722; x_wconf 90' lang='lat' dir='ltr'>opp.</span> <span class='ocrx_word' id='word_1_488' title='bbox 637 2646 698 2702; x_wconf 79' lang='lat' dir='ltr'>Bas.</span> <span class='ocrx_word' id='word_1_489' title='bbox 714 2645 749 2701; x_wconf 85' lang='grc' dir='ltr'>Τ.</span> <span class='ocrx_word' id='word_1_490' title='bbox 762 2650 797 2705; x_wconf 86' lang='lat' dir='ltr'>V.</span> <span class='ocrx_word' id='word_1_491' title='bbox 816 2666 843 2720; x_wconf 91' lang='lat' dir='ltr'>p.</span> <span class='ocrx_word' id='word_1_492' title='bbox 852 2647 913 2703; x_wconf 70' lang='lat' dir='ltr'>stt</span> <span class='ocrx_word' id='word_1_493' title='bbox 948 2648 1029 2721; x_wconf 78' lang='lat' dir='ltr'>Apud</span> <span class='ocrx_word' id='word_1_494' title='bbox 1042 2646 1116 2703; x_wconf 71' lang='lat' dir='ltr'>Vin.</span> 
     </span>
     <span class='ocr_line' id='line_1_60' title="bbox 223 2736 340 2799; baseline -0.043 -11"><span class='ocrx_word' id='word_1_495' title='bbox 223 2736 295 2787; x_wconf 86' lang='lat' dir='ltr'>cent.</span> <span class='ocrx_word' id='word_1_496' title='bbox 314 2746 340 2799; x_wconf 88' lang='lat' dir='ltr'>p.</span> 
     </span>
    </p>
   </div>
   <div class='ocr_carea' id='block_1_11' title="bbox 1 3131 1036 4764">
    <p class='ocr_par' dir='ltr' id='par_1_11' title="bbox 127 3131 994 3315">
     <span class='ocr_line' id='line_1_61' title="bbox 127 3131 994 3226; baseline -0.017 -9"><span class='ocrx_word' id='word_1_497' title='bbox 127 3141 268 3223; x_wconf 83' lang='lat' dir='ltr'>Foelix,</span> <span class='ocrx_word' id='word_1_498' title='bbox 294 3137 374 3217; x_wconf 92' lang='lat' dir='ltr'>ille,</span> <span class='ocrx_word' id='word_1_499' title='bbox 398 3131 515 3204; x_wconf 89' lang='lat' dir='ltr'>Deum</span> <span class='ocrx_word' id='word_1_500' title='bbox 530 3133 655 3205; x_wconf 87' lang='lat' dir='ltr'>metuit</span> <span class='ocrx_word' id='word_1_501' title='bbox 673 3132 736 3226; x_wconf 91' lang='lat' dir='ltr'>qni</span> <span class='ocrx_word' id='word_1_502' title='bbox 752 3145 892 3226; x_wconf 91' lang='lat' dir='ltr'>pectore</span> <span class='ocrx_word' id='word_1_503' title='bbox 905 3145 994 3218; x_wconf 88' lang='lat' dir='ltr'>toto,</span> 
     </span>
     <span class='ocr_line' id='line_1_62' title="bbox 177 3233 859 3315; baseline -0.018 0"><span class='ocrx_word' id='word_1_504' title='bbox 177 3242 289 3315; x_wconf 90' lang='lat' dir='ltr'>Cuius</span> <span class='ocrx_word' id='word_1_505' title='bbox 304 3237 445 3307; x_wconf 90' lang='lat' dir='ltr'>delitiae</span> <span class='ocrx_word' id='word_1_506' title='bbox 461 3248 545 3305; x_wconf 89' lang='lat' dir='ltr'>sunt</span> <span class='ocrx_word' id='word_1_507' title='bbox 560 3237 654 3305; x_wconf 90' lang='lat' dir='ltr'>bona</span> <span class='ocrx_word' id='word_1_508' title='bbox 671 3235 764 3305; x_wconf 89' lang='lat' dir='ltr'>iussa</span> <span class='ocrx_word' id='word_1_509' title='bbox 780 3233 859 3305; x_wconf 82' lang='lat' dir='ltr'>Dei.</span> 
     </span>
    </p>

    <p class='ocr_par' dir='ltr' id='par_1_12' title="bbox 129 3337 1023 3532">
     <span class='ocr_line' id='line_1_63' title="bbox 129 3337 923 3432; baseline -0.019 -12"><span class='ocrx_word' id='word_1_510' title='bbox 129 3349 231 3420; x_wconf 91' lang='lat' dir='ltr'>Illius</span> <span class='ocrx_word' id='word_1_511' title='bbox 247 3356 282 3412; x_wconf 91' lang='lat' dir='ltr'>et</span> <span class='ocrx_word' id='word_1_512' title='bbox 296 3354 415 3422; x_wconf 91' lang='lat' dir='ltr'>natos,</span> <span class='ocrx_word' id='word_1_513' title='bbox 440 3350 476 3407; x_wconf 89' lang='lat' dir='ltr'>et</span> <span class='ocrx_word' id='word_1_514' title='bbox 494 3338 556 3432; x_wconf 92' lang='lat' dir='ltr'>qui</span> <span class='ocrx_word' id='word_1_515' title='bbox 573 3349 764 3408; x_wconf 89' lang='lat' dir='ltr'>nascentur</span> <span class='ocrx_word' id='word_1_516' title='bbox 778 3341 823 3409; x_wconf 91' lang='lat' dir='ltr'>ab</span> <span class='ocrx_word' id='word_1_517' title='bbox 840 3337 923 3421; x_wconf 92' lang='lat' dir='ltr'>illis,</span> 
     </span>
     <span class='ocr_line' id='line_1_64' title="bbox 176 3439 1023 3532; baseline -0.009 -13"><span class='ocrx_word' id='word_1_518' title='bbox 176 3443 330 3519; x_wconf 87' lang='lat' dir='ltr'>Coelesti</span> <span class='ocrx_word' id='word_1_519' title='bbox 345 3439 541 3525; x_wconf 87' lang='lat' dir='ltr'>Dominus,</span> <span class='ocrx_word' id='word_1_520' title='bbox 569 3442 689 3521; x_wconf 88' lang='lat' dir='ltr'>crede,</span> <span class='ocrx_word' id='word_1_521' title='bbox 714 3440 851 3511; x_wconf 85' lang='lat' dir='ltr'>iuvabit</span> <span class='ocrx_word' id='word_1_522' title='bbox 866 3463 945 3532; x_wconf 77' lang='lat' dir='ltr'>ope,</span> <span class='ocrx_word' id='word_1_523' title='bbox 1018 3502 1023 3511; x_wconf 34' lang='lat' dir='ltr'><em>f</em></span> 
     </span>
    </p>

    <p class='ocr_par' dir='ltr' id='par_1_13' title="bbox 128 3541 987 3722">
     <span class='ocr_line' id='line_1_65' title="bbox 128 3541 987 3642; baseline -0.009 -25"><span class='ocrx_word' id='word_1_524' title='bbox 128 3552 177 3627; x_wconf 79' lang='lat' dir='ltr'>Et</span> <span class='ocrx_word' id='word_1_525' title='bbox 193 3571 282 3642; x_wconf 91' lang='lat' dir='ltr'>quae</span> <span class='ocrx_word' id='word_1_526' title='bbox 298 3544 494 3629; x_wconf 85' lang='lat' dir='ltr'>sufficiant,</span> <span class='ocrx_word' id='word_1_527' title='bbox 519 3542 668 3616; x_wconf 92' lang='lat' dir='ltr'>donabit</span> <span class='ocrx_word' id='word_1_528' title='bbox 682 3545 866 3613; x_wconf 92' lang='lat' dir='ltr'>commoda</span> <span class='ocrx_word' id='word_1_529' title='bbox 883 3541 987 3625; x_wconf 89' lang='lat' dir='ltr'>vitae,</span> 
     </span>
     <span class='ocr_line' id='line_1_66' title="bbox 179 3642 869 3722; baseline -0.009 0"><span class='ocrx_word' id='word_1_530' title='bbox 179 3650 319 3722; x_wconf 90' lang='lat' dir='ltr'>Iustitia</span> <span class='ocrx_word' id='word_1_531' title='bbox 337 3660 389 3715; x_wconf 87' lang='lat' dir='ltr'>est</span> <span class='ocrx_word' id='word_1_532' title='bbox 405 3642 514 3716; x_wconf 89' lang='lat' dir='ltr'>buius</span> <span class='ocrx_word' id='word_1_533' title='bbox 528 3647 670 3716; x_wconf 88' lang='lat' dir='ltr'>vindice</span> <span class='ocrx_word' id='word_1_534' title='bbox 687 3659 762 3716; x_wconf 92' lang='lat' dir='ltr'>tuta</span> <span class='ocrx_word' id='word_1_535' title='bbox 777 3648 869 3717; x_wconf 91' lang='lat' dir='ltr'>Deo.</span> 
     </span>
    </p>

    <p class='ocr_par' dir='ltr' id='par_1_14' title="bbox 131 3748 944 3943">
     <span class='ocr_line' id='line_1_67' title="bbox 131 3748 944 3843; baseline -0.018 -14"><span class='ocrx_word' id='word_1_536' title='bbox 131 3756 311 3843; x_wconf 80' lang='lat' dir='ltr'>(irataque</span> <span class='ocrx_word' id='word_1_537' title='bbox 327 3749 365 3815; x_wconf 95' lang='lat' dir='ltr'>in</span> <span class='ocrx_word' id='word_1_538' title='bbox 381 3749 537 3818; x_wconf 89' lang='lat' dir='ltr'>adversis</span> <span class='ocrx_word' id='word_1_539' title='bbox 553 3761 672 3819; x_wconf 92' lang='lat' dir='ltr'>cernet</span> <span class='ocrx_word' id='word_1_540' title='bbox 688 3748 809 3818; x_wconf 88' lang='lat' dir='ltr'>solatia</span> <span class='ocrx_word' id='word_1_541' title='bbox 826 3748 944 3830; x_wconf 88' lang='lat' dir='ltr'>rebus,</span> 
     </span>
     <span class='ocr_line' id='line_1_68' title="bbox 183 3849 938 3943; baseline -0.009 -17"><span class='ocrx_word' id='word_1_542' title='bbox 183 3851 360 3926; x_wconf 82' lang='lat' dir='ltr'>Adbcitur</span> <span class='ocrx_word' id='word_1_543' title='bbox 375 3851 506 3921; x_wconf 87' lang='lat' dir='ltr'>nostris</span> <span class='ocrx_word' id='word_1_544' title='bbox 523 3876 607 3921; x_wconf 88' lang='lat' dir='ltr'>nam</span> <span class='ocrx_word' id='word_1_545' title='bbox 622 3849 718 3920; x_wconf 90' lang='lat' dir='ltr'>Deus</span> <span class='ocrx_word' id='word_1_546' title='bbox 734 3852 808 3943; x_wconf 89' lang='lat' dir='ltr'>ipse</span> <span class='ocrx_word' id='word_1_547' title='bbox 824 3849 938 3919; x_wconf 88' lang='lat' dir='ltr'>malis.</span> 
     </span>
    </p>

    <p class='ocr_par' dir='ltr' id='par_1_15' title="bbox 133 3947 1036 4133">
     <span class='ocr_line' id='line_1_69' title="bbox 133 3947 1036 4041; baseline -0.018 -9"><span class='ocrx_word' id='word_1_548' title='bbox 133 3960 198 4032; x_wconf 90' lang='lat' dir='ltr'>Vir</span> <span class='ocrx_word' id='word_1_549' title='bbox 214 3959 331 4027; x_wconf 92' lang='lat' dir='ltr'>bonus</span> <span class='ocrx_word' id='word_1_550' title='bbox 346 3977 426 4023; x_wconf 85' lang='lat' dir='ltr'>aera</span> <span class='ocrx_word' id='word_1_551' title='bbox 441 3955 531 4025; x_wconf 89' lang='lat' dir='ltr'>solet</span> <span class='ocrx_word' id='word_1_552' title='bbox 544 3955 657 4027; x_wconf 79' lang='lat' dir='ltr'>facilis</span> <span class='ocrx_word' id='word_1_553' title='bbox 672 3957 755 4023; x_wconf 90' lang='lat' dir='ltr'>dare</span> <span class='ocrx_word' id='word_1_554' title='bbox 770 3968 893 4024; x_wconf 90' lang='lat' dir='ltr'>mutua</span> <span class='ocrx_word' id='word_1_555' title='bbox 908 3947 1036 4041; x_wconf 88' lang='lat' dir='ltr'>egenti,</span> 
     </span>
     <span class='ocr_line' id='line_1_70' title="bbox 180 4046 840 4133; baseline -0.005 0"><span class='ocrx_word' id='word_1_556' title='bbox 180 4057 230 4133; x_wconf 84' lang='lat' dir='ltr'>Et</span> <span class='ocrx_word' id='word_1_557' title='bbox 245 4046 344 4129; x_wconf 79' lang='lat' dir='ltr'>mens</span> <span class='ocrx_word' id='word_1_558' title='bbox 360 4056 458 4126; x_wconf 91' lang='lat' dir='ltr'>illius</span> <span class='ocrx_word' id='word_1_559' title='bbox 476 4060 591 4128; x_wconf 89' lang='lat' dir='ltr'>nescia</span> <span class='ocrx_word' id='word_1_560' title='bbox 610 4058 745 4127; x_wconf 78' lang='lat' dir='ltr'>fraudis</span> <span class='ocrx_word' id='word_1_561' title='bbox 762 4057 840 4130; x_wconf 87' lang='lat' dir='ltr'>erit.</span> 
     </span>
    </p>

    <p class='ocr_par' dir='ltr' id='par_1_16' title="bbox 1 4157 967 4252">
     <span class='ocr_line' id='line_1_71' title="bbox 1 4157 967 4252; baseline -0.014 -15"><span class='ocrx_word' id='word_1_562' title='bbox 1 4188 6 4195; x_wconf 86' lang='lat'><strong>·</strong></span> <span class='ocrx_word' id='word_1_563' title='bbox 132 4164 214 4236; x_wconf 92' lang='lat' dir='ltr'>Non</span> <span class='ocrx_word' id='word_1_564' title='bbox 233 4158 360 4252; x_wconf 89' lang='lat' dir='ltr'>poterit</span> <span class='ocrx_word' id='word_1_565' title='bbox 377 4159 482 4228; x_wconf 90' lang='lat' dir='ltr'>talem</span> <span class='ocrx_word' id='word_1_566' title='bbox 499 4161 642 4232; x_wconf 87' lang='lat' dir='ltr'>fortuna</span> <span class='ocrx_word' id='word_1_567' title='bbox 659 4174 813 4230; x_wconf 88' lang='lat' dir='ltr'>evertere</span> <span class='ocrx_word' id='word_1_568' title='bbox 830 4157 967 4251; x_wconf 86' lang='lat' dir='ltr'>iniqua,</span> 
     </span>
    </p>

    <p class='ocr_par' dir='ltr' id='par_1_17' title="bbox 181 4252 961 4356">
     <span class='ocr_line' id='line_1_72' title="bbox 181 4252 961 4356; baseline -0.01 -20"><span class='ocrx_word' id='word_1_569' title='bbox 181 4261 247 4336; x_wconf 84' lang='lat' dir='ltr'>Est</span> <span class='ocrx_word' id='word_1_570' title='bbox 261 4285 397 4333; x_wconf 90' lang='lat' dir='ltr'>memor</span> <span class='ocrx_word' id='word_1_571' title='bbox 411 4261 508 4330; x_wconf 91' lang='lat' dir='ltr'>illins</span> <span class='ocrx_word' id='word_1_572' title='bbox 524 4285 682 4353; x_wconf 88' lang='lat' dir='ltr'>semper,</span> <span class='ocrx_word' id='word_1_573' title='bbox 705 4252 840 4356; x_wconf 80' lang='lat' dir='ltr'>eritque</span> <span class='ocrx_word' id='word_1_574' title='bbox 855 4260 961 4330; x_wconf 88' lang='lat' dir='ltr'>Dens.</span> 
     </span>
    </p>

    <p class='ocr_par' dir='ltr' id='par_1_18' title="bbox 132 4357 990 4464">
     <span class='ocr_line' id='line_1_73' title="bbox 132 4357 990 4464; baseline -0.017 -25"><span class='ocrx_word' id='word_1_575' title='bbox 132 4369 382 4464; x_wconf 80' lang='lat' dir='ltr'>Fortunaeque</span> <span class='ocrx_word' id='word_1_576' title='bbox 400 4364 513 4433; x_wconf 90' lang='lat' dir='ltr'>minas</span> <span class='ocrx_word' id='word_1_577' title='bbox 530 4365 589 4433; x_wconf 88' lang='lat' dir='ltr'>ille</span> <span class='ocrx_word' id='word_1_578' title='bbox 606 4364 863 4457; x_wconf 89' lang='lat' dir='ltr'>imperterritus</span> <span class='ocrx_word' id='word_1_579' title='bbox 881 4357 990 4441; x_wconf 85' lang='lat' dir='ltr'>audit,</span> 
     </span>
    </p>

    <p class='ocr_par' dir='ltr' id='par_1_19' title="bbox 119 4464 765 4543">
     <span class='ocr_line' id='line_1_74' title="bbox 119 4464 765 4543; baseline -0.009 1"><span class='ocrx_word' id='word_1_580' title='bbox 119 4507 122 4511; x_wconf 93' lang='lat'>·</span> <span class='ocrx_word' id='word_1_581' title='bbox 184 4469 305 4543; x_wconf 90' lang='lat' dir='ltr'>Solius</span> <span class='ocrx_word' id='word_1_582' title='bbox 319 4467 397 4537; x_wconf 86' lang='lat' dir='ltr'>fidit</span> <span class='ocrx_word' id='word_1_583' title='bbox 412 4491 496 4536; x_wconf 90' lang='lat' dir='ltr'>narn</span> <span class='ocrx_word' id='word_1_584' title='bbox 512 4466 672 4537; x_wconf 86' lang='lat' dir='ltr'>bonitate</span> <span class='ocrx_word' id='word_1_585' title='bbox 687 4464 765 4538; x_wconf 88' lang='lat' dir='ltr'>Dei.</span> 
     </span>
    </p>

    <p class='ocr_par' dir='ltr' id='par_1_20' title="bbox 132 4564 1013 4764">
     <span class='ocr_line' id='line_1_75' title="bbox 132 4564 1013 4667; baseline -0.015 -21"><span class='ocrx_word' id='word_1_586' title='bbox 132 4568 181 4646; x_wconf 83' lang='lat' dir='ltr'>Et</span> <span class='ocrx_word' id='word_1_587' title='bbox 198 4570 367 4667; x_wconf 91' lang='lat' dir='ltr'>quoniam</span> <span class='ocrx_word' id='word_1_588' title='bbox 385 4592 489 4639; x_wconf 92' lang='lat' dir='ltr'>curae</span> <span class='ocrx_word' id='word_1_589' title='bbox 507 4591 580 4640; x_wconf 88' lang='lat' dir='ltr'>esse</span> <span class='ocrx_word' id='word_1_590' title='bbox 595 4567 671 4639; x_wconf 87' lang='lat' dir='ltr'>Deo</span> <span class='ocrx_word' id='word_1_591' title='bbox 690 4592 726 4638; x_wconf 92' lang='lat' dir='ltr'>se</span> <span class='ocrx_word' id='word_1_592' title='bbox 741 4566 911 4651; x_wconf 89' lang='lat' dir='ltr'>credidit,</span> <span class='ocrx_word' id='word_1_593' title='bbox 935 4564 1013 4654; x_wconf 90' lang='lat' dir='ltr'>ipso</span> 
     </span>
     <span class='ocr_line' id='line_1_76' title="bbox 185 4666 959 4764; baseline -0.005 -20"><span class='ocrx_word' id='word_1_594' title='bbox 185 4675 407 4762; x_wconf 84' lang='lat' dir='ltr'>luspectante</span> <span class='ocrx_word' id='word_1_595' title='bbox 424 4672 546 4763; x_wconf 85' lang='lat' dir='ltr'>malis,</span> <span class='ocrx_word' id='word_1_596' title='bbox 573 4694 687 4764; x_wconf 89' lang='lat' dir='ltr'>poena</span> <span class='ocrx_word' id='word_1_597' title='bbox 705 4671 835 4741; x_wconf 88' lang='lat' dir='ltr'>luenda</span> <span class='ocrx_word' id='word_1_598' title='bbox 852 4666 959 4740; x_wconf 89' lang='lat' dir='ltr'>venit.</span> 
     </span>
    </p>
   </div>
   <div class='ocr_carea' id='block_1_12' title="bbox 0 0 2297 5760">
    <p class='ocr_par' dir='ltr' id='par_1_21' title="bbox 0 0 2297 5760">
     <span class='ocr_line' id='line_1_77' title="bbox 0 0 2297 5760; baseline 0 0"><span class='ocrx_word' id='word_1_599' title='bbox 0 0 2297 5760; x_wconf 95' lang='lat' dir='ltr'> </span> 
     </span>
    </p>
   </div>
  </div>
 </body>
</html>
