4546 5760
124 184 225 263 1⁰01

107 357 153 429 'et
182 354 304 428 Latini
335 372 554 450 reponantur
586 369 623 426 et
650 362 847 424 serventur.
906 350 1042 424 Carent
1073 362 1110 420 et

117 458 188 531 alia
206 459 343 554 scripta.
352 461 452 531 utilia
473 454 619 549 reponi,
644 464 685 522 ut
701 455 746 524 ad
762 452 1004 544 posteritatem
1026 477 1109 543 pro-

113 559 290 655 pagentur
311 574 404 631 certa
420 554 602 629 doctrinae
623 552 836 641 testimonia.
889 548 936 626 Et
955 568 996 625 ut
1016 578 1110 637 sesn-

115 685 181 753 per
207 660 379 733 confectio
402 654 585 727 annalium
612 667 648 727 et
672 664 1000 749 rerumgestarum
1024 680 1109 725 con-

114 764 259 855 scriptio
274 762 344 830 tuit
357 759 523 831 mandata
540 748 801 840 Sacerdotibus,
825 759 873 831 ita
888 756 926 828 in
939 754 1009 829 hoc
1023 756 1111 828 Col.-

115 864 206 954 legio
229 860 322 932 liber
340 860 504 954 publicus
527 861 590 946 sit,
611 861 740 957 inquo
762 862 939 933 scribatur
954 860 1110 953 singulis

113 955 219 1036 annis
238 959 387 1033 historia
402 954 645 1057 Ecclesiastico
668 958 797 1053 harum
813 965 1020 1057 regionum,
1044 988 1110 1032 an-

114 1078 287 1138 notentur
320 1063 511 1134 certamina
547 1065 747 1156 doctrinae,
791 1063 922 1159 iudicia
956 1064 1111 1158 piorum,

114 1168 232 1243 exitus
248 1178 283 1236 et
298 1188 434 1257 poenae
453 1165 667 1256 impiorum,
694 1180 729 1238 et
744 1166 805 1237 alii
820 1174 966 1238 eventus
982 1169 1112 1258 guber-

113 1283 301 1352 natorum,
327 1280 524 1338 memoratu
540 1269 657 1358 digni,
684 1270 767 1363 qnia
788 1271 938 1361 posteris
955 1271 1043 1341 utile
1060 1283 1112 1338 est

112 1394 217 1442 nosse
236 1368 371 1440 iudicia
392 1392 495 1439 verae
517 1365 697 1441 Ecclesiae
712 1372 798 1458 Dei,
823 1387 858 1444 et
882 1373 1039 1465 exempla
1055 1372 1113 1441 di-

112 1471 345 1545 riniiudicii.
646 1538 685 1545 ..
753 1552 756 1557 ,
913 1536 917 1543 .
975 1508 1009 1568 ζΙ

423 1714 426 1719 ι
472 1612 752 1724 Quindecima,
948 1611 977 1650 ⁵·
1018 1612 1036 1669 ἷ·

206 1753 354 1847 Semper
370 1751 476 1823 etiam
491 1736 931 1851 alidui'Docturss'sinhqf
943 1758 1113 1853 (ζοιιρεῐοζ

115 1871 151 1929 et
174 1859 212 1928 in
234 1853 302 1928 hoc
324 1879 476 1925 numero
491 1867 645 1949 quatuor
659 1846 951 1945 Lectorum„a'd'
965 1862 1112 1933 taunam

112 1960 274 2051 linguam
296 1957 509 2046 adiungant,
542 1950 715 2025 Ehraicae
735 1968 769 2026 et
791 1951 947 2025 Graecae
971 1952 1113 2044 linguae

113 2062 250 2140 studia,
276 2075 317 2125 ιιι
330 2059 500 2122 adiuvare
515 2056 618 2139 alios,
642 2071 803 2128 ettotam
820 2052 1014 2127 Ecclesiam
1030 2080 1113 2147 pos-

114 2159 187 2230 sint
221 2158 261 2225 in
296 2154 483 2224 retinenda
511 2167 545 2223 ct
578 2154 785 2246 explicanda
813 2159 1045 2253 proprietate,
1078 2169 1113 2225 et

112 2252 235 2354 phrasi
271 2256 445 2328 sermonis
474 2253 731 2341 Ecclesiastici,
766 2271 800 2326 et
834 2272 1008 2352 quaedum
1035 2258 1112 2328 lieri

113 2375 246 2459 potest,
276 2359 480 2438 ostendere,
514 2357 602 2450 qnid
629 2357 668 2427 in
699 2358 1043 2450 fontibos'legatur,
1078 2374 1113 2430 et

115 2460 279 2560 quaesit
310 2460 352 2531 in
383 2458 544 2530 fontibus
574 2482 653 2531 vera
680 2472 714 2531 et
739 2461 894 2551 genuina
920 2453 1112 2551 verborum

115 2561 339 2657 significatio.
392 2559 502 2633 Dedit
527 2560 623 2630 enlm
638 2559 736 2632 Deus
752 2556 888 2634 donum
906 2556 1112 2655 linguarum

112 2664 294 2739 Ecclesiae
310 2676 455 2757 propter
472 2664 709 2735 ministerium
725 2661 932 2757 Evangelii,
958 2678 993 2735 et
1010 2680 1113 2758 saep'e

114 2769 311 2852 instaurat,
338 2781 372 2836 et
392 2767 470 2836 vult
491 2765 728 2849 instauratum
744 2792 827 2837 non·
842 2791 906 2858 per
927 2768 1113 2858 negligen-

113 2871 201 2942 tiam
217 2866 352 2953 amitti,
372 2869 433 2938 sed
452 2881 597 2960 propter
612 2892 837 2940 communem
855 2865 1032 2951 Ecclesiae
1048 2894 1113 2939 ne-

1 3058 3 3064 ,
116 2969 312 3049 cessitatem
331 2969 505 3040 mediocri
520 2970 704 3061 diligentia
722 2987 756 3049 et
771 2971 890 3042 studio
904 2970 1063 3042 retineri.

512 3142 731 3209 Sedecim.

219 3269 395 3345 Omnium
420 3272 720 3365 gubernationum
746 3272 786 3343 in
800 3274 872 3346 vita'
893 3272 1114 3364 difficillima,

116 3391 168 3451 est
188 3372 434 3448 Ecclesiastico
467 3390 501 3446 et
532 3377 642 3464 magis
664 3375 787 3446 diviua
812 3400 919 3471 qtram
945 3370 1114 3464 humana,

115 3481 197 3551 ideo
218 3503 284 3549 nos
306 3479 445 3563 omnia,
479 3502 569 3572 quae
592 3479 629 3547 in
653 3492 753 3548 tanta
774 3488 976 3572 temporum
993 3481 1114 3552 diver-

116 3583 218 3653 sitate
232 3576 317 3651 huic
332 3578 492 3669 Collegio
513 3581 677 3651 iacienda
693 3594 793 3664 sunt,
820 3581 1010 3672 complecti
1025 3583 1113 3673 legi-

115 3686 185 3756 bus
208 3706 281 3750 non
304 3705 507 3770 possumus,
541 3684 601 3752 sed
627 3679 665 3750 hi
688 3685 851 3753 doctores
874 3683 1020 3757 videant
1037 3687 1112 3756 for·

118 3810 215 3856 mam
249 3784 518 3872 gubernationis
553 3784 591 3852 in
626 3784 799 3876 scriptura
830 3780 1044 3877 Prophetica
1079 3802 1113 3858 et

117 3883 324 3982 Apostolica
340 3885 528 3969 traditam,
552 3898 587 3956 ct
602 3887 796 3980 prudenter
816 3892 893 3955 eam
917 3885 1113 3976 imitentur,

117 4004 153 4061 et
183 3988 343 4082 quolibet
373 4002 532 4081 tempore
561 4013 621 4075 ea,
655 4012 745 4081 quae
772 3989 878 4079 rebus
908 3990 1112 4063 deliberatis

117 4090 299 4163 communi
313 4089 464 4159 consilio
478 4091 708 4177 iudicabunt,
735 4105 768 4161 et
783 4092 977 4182 congruere
990 4088 1113 4166 Evan-

114 4193 227 4287 gelio,
255 4204 289 4262 et
308 4190 476 4264 salutaria
490 4216 564 4263 essc
579 4189 756 4265 Ecclesiae
772 4191 859 4282 Dei,
888 4212 1009 4285 agant,
1041 4197 1112 4266 im·

115 4294 240 4388 primis
266 4307 383 4364 autem
410 4318 622 4365 consensum
644 4320 753 4386 purae
776 4294 959 4368 doctrinae
987 4313 1113 4370 tuean-

116 4410 193 4476 tur,
218 4410 250 4464 et
266 4395 378 4467 vitent
393 4396 579 4465 ambitiosa
595 4397 689 4467 inter
705 4421 777 4468 sese
792 4386 1004 4484 certamina,
1030 4425 1111 4471 cnm

115 4497 230 4568 sciant
243 4520 344 4589 saepe
357 4491 526 4568 Ecclesiis
539 4512 573 4569 et
589 4500 748 4591 imperiis
761 4496 1006 4585 ambitionem,
1030 4527 1112 4593 pra·

117 4622 178 4668 vas
199 4600 471 4684 aemulationes,
506 4600 732 4693 cupiditatem
758 4603 954 4687 vindictae,
986 4604 1112 4675 factio-

120 4724 203 4785 nes,
229 4701 334 4772 exitio
349 4702 465 4771 fuisse.

222 4816 438 4890 Auditorum
452 4818 556 4891 etiam
573 4824 712 4913 ingenia
728 4824 928 4908 observent,
950 4828 1014 4898 etsi
1032 4829 1111 4923 quis

118 4922 282 5016 petulans
312 4923 546 4994 delectabitur
580 4926 697 5016 pravis
730 4927 981 5018 opinionibus,
1015 4925 1111 5001 hunc

116 5036 281 5095 vocatum
299 5025 344 5093 ad
358 5021 558 5115 Collegium
575 5030 810 5112 admoneant,
835 5043 869 5100 ct
891 5031 929 5099 in
945 5033 1039 5102 viam
1054 5059 1113 5102 re-

118 5138 266 5209 vocent,
295 5139 519 5198 contumaces
539 5153 622 5198 vero
636 5153 757 5201 severe
772 5125 989 5203 coherceant.
1026 5134 1111 5206 Mo·

119 5251 176 5300 res
192 5228 297 5298 etiarn
316 5230 519 5300 auditorum
542 5255 662 5302 severe
678 5247 820 5323 regant,
844 5250 969 5306 curent
991 5251 1032 5309 ιιι
1047 5262 1112 5308 ve-

118 5330 205 5402 stitu
220 5325 369 5401 honesto
384 5344 419 5404 et
435 5332 526 5404 inira
549 5356 662 5424 genua
675 5335 828 5407 demisso
850 5351 1013 5421 utantur,
1039 5338 1114 5410 siut
1136 5312 1140 5396 l

569 182 922 280 ,actuosum
938 173 1282 263 emanares
1306 171 1700 275 conmotus:

1161 351 1314 425 modesti
1339 350 1380 426 in
1396 349 1572 427 omnib&
1586 345 1952 439 Quibuscum
1970 345 2108 440 placidi
2120 347 2164 436 »ἰιι

1162 452 1484 545 disputationibus,
1506 451 1835 543 simtempecaates
1843 450 2006 532 et'rasti,
2027 449 2162 521 neim-

1162 556 1309 646 pediant
1322 555 1583 627 invocationem
1592 550 1673 627 Dei.
1705 551 1829 625 Sciant
1842 547 2030 642 prohiberi
2040 552 2163 622 omni-

1162 658 1231 729 bus
1245 657 1405 749 publicis·
1411 656 1548 747 legibus
1562 656 1705 727 libellos
1719 655 1898 739 famosos,
1915 655 2072 747 denique
2085 678 2161 727 me·

1162 759 1336 832 rainerius
1356 755 1423 831 bos
1443 752 1822 854 coctus'Tbeolo'gicos
1845 754 1980 831 similes
2000 778 2076 826 esse
2097 756 2162 825 de-

1162 863 1249 934 bete
1274 857 1419 933 scholis·
1435 858 1557 945 Elias,
1585 855 1738 944 Elinoi,
1754 902 1757 907 ·
1771 852 1943 930 lobannis
1969 855 2163 949 Baptistae,

1162 959 1317 1048 Christi,
1354 959 1526 1037 lobannis
1545 962 1731 1054 Apostoli,
1768 960 1977 1054 Polycarpi,
2011 958 2162 1042 lrenaei,

1163 1079 1198 1136 et
1227 1066 1414 1139 similium.
1466 1064 1766 1158 Quandocanan
1792 1063 1888 1139 onim
1912 1059 2072 1134 Ecclesia
2093 1061 2163 1131 llo.

1163 1169 1255 1254 ruit,
1282 1169 1370 1256 tales
1383 1161 1919 1262 aliquosbabuitS'cholssticos
1934 1177 2074 1247 coctus,
2099 1185 2164 1254 per

1165 1294 1255 1365 quos
1276 1270 1441 1343 doctrina
1464 1270 1523 1360 pia
1549 1282 1825 1360 propagata-est.
1855 1263 2021 1337 ·Horum
2036 1264 2165 1347 studia,

1164 1374 1289 1467 tidem,
1314 1385 1348 1443 et
1363 1389 1479 1443 mores
1494 1370 1610 1443 nostri
1624 1384 1744 1442 coetus
1753 1369 1865 1440 etiatis
1878 1367 2077 1440 imitentur.
2155 1432 2158 1436 .

1263 1518 1392 1601 Esaiae
1404 1521 1465 1596 Lt.
1516 1496 1637 1635 Porcii
1641 1484 1855 1621 herba-inea
1878 1520 1921 1589 in
1931 1504 1996 1615 ‘ore
2020 1530 2106 1602 tuo,
2133 1531 2167 1587 et

1165 1627 1293 1725 umbra
1314 1622 1440 1713 manus
1457 1648 1556 1725 meae
1576 1620 1759 1719 protegam
1775 1637 1828 1709 te,
1852 1616 1895 1731 ui
1907 1606 2067 1717 plantem
2085 1643 2169 1689 coe-

1165 1731 1305 1801 los'etc.
1378 1739 1419 1755 “·
1460 1734 1465 1803 1
1553 1734 1557 1805 ζ
1841 1728 1847 1739 '
2022 1734 2027 1741 '
2093 1732 2098 1743 '

1190 1994 1309 2089 Lepos
1331 1988 1480 2101 ootleptt¹
1500 1984 1710 2084 foedioris
1732 1996 2139 2096 liberaliam'ortr‘am,

1344 2194 1348 2200 ¹
1396 2109 1950 2235 qnosfbttpaoptstoconts'net,
1974 2110 2003 2145 '·
2088 2134 2091 2139 ·

1254 2277 1352 2350 Dens
1365 2279 1808 2355 nomast-ceruorum
1828 2281 2040 2356 nostrilesu
2053 2279 2166 2354 Clari-

1165 2382 1225 2465 sti,
1250 2381 1405 2451 ostendit
1419 2383 1543 2472 generi
1559 2376 1718 2453 humano
1733 2388 1852 2457 literas
1865 2400 1901 2457 et
1913 2410 2164 2470 numerorum,

1165 2485 1357 2572 figurarum
1381 2483 1484 2568 anni,
1507 2486 1765 2571 remediorum,
1792 2490 1908 2576 legum
1932 2490 1977 2557 de
1999 2488 2186 2576 regendis*

1165 2586 1331 2671 civilibus
1346 2585 1508 2673 moribus
1523 2587 1742 2671 doctrinam,
1771 2601 1806 2658 et
1824 2584 2011 2674 historias,
2037 2603 2073 2658 et
2092 2613 2166 2657 ser-

1167 2686 1225 2758 ra‘t
1245 2681 1330 2756 haec
1346 2687 1440 2756 dona
1464 2687 1571 2757 nobis
1590 2692 1664 2757 nori
1679 2686 1824 2783 soloin,
1843 2702 1885 2760 nt
1899 2689 1972 2758 sint
1988 2691 2166 2782 praesidia

1165 2786 1274 2875 huius
1307 2789 1410 2858 vitae*
1434 2789 1636 2860 communia
1678 2790 1846 2861 omnibus
1878 2790 2062 2882 gentibus,
2101 2793 2163 2859 sed

1165 2890 1407 2979 multo-magis
1421 2896 1482 2977 eo,
1505 2892 1589 2984 qnia
1606 2888 1799 2973 cumDeus
1814 2892 1985 2979 immensa
2003 2890 2162 2961 bonitate

1166 3018 1208 3063 ex
1223 2993 1284 3061 illa
1299 3015 1361 3061 sua
1377 2994 1519 3062 aeterna
1534 3005 1568 3063 et
1585 3016 1712 3071 arcana
1729 2996 1810 3064 sede
1827 2990 1995 3086 prodiens
2012 3015 2049 3061 se
2063 3006 2162 3086 pate-

1166 3094 1308 3187 fecerit,
1334 3093 1438 3164 editis
1461 3093 1757 3186 promissionibus
1779 3108 1812 3167 et
1837 3094 2039 3185 illustribus
2062 3096 2162 3166 testi·

1167 3192 1298 3264 m'oniis
1320 3199 1365 3264 de
1383 3194 1458 3264 filio
1488 3218 1553 3267 suo
1576 3196 1734 3279 Domino
1758 3208 1880 3268 nostro
1903 3191 1984 3267 lesu
2006 3188 2164 3278 Christo,

1167 3299 1281 3368 voluit
1296 3293 1389 3367 hanc
1404 3320 1504 3367 snam
1520 3298 1810 3389 patefactionem,
1836 3299 1931 3379 dieta
1952 3311 1987 3369 et
2002 3298 2163 3369 testimo-

1166 3401 1225 3469 nia
1241 3398 1405 3469 mandari
1420 3399 1533 3470 literis
1547 3425 1613 3492 per
1625 3398 1759 3486 Patres,
1780 3396 1989 3493 Prophetas,
2010 3414 2045 3470 ct
2062 3397 2163 3492 Apo-

1167 3502 1296 3585 stolos,
1329 3517 1363 3572 ct
1384 3497 1451 3572 hac
1474 3504 1635 3573 doctrina
1667 3502 1736 3573 sibi
1760 3498 1955 3574 Ecclesiam
1981 3515 2163 3572 aeternam

1166 3603 1296 3693 colligi·
1349 3600 1450 3676 Sicut
1468 3602 1601 3675 Paulus
1616 3606 1750 3698 inquit:
1776 3602 2012 3696 Evangelium
2030 3614 2082 3687 est
2097 3629 2164 3696 po-

1167 3707 1276 3775 tentia
1292 3702 1357 3776 Dei
1376 3706 1419 3774 ad
1439 3707 1586 3777 salutem
1603 3709 1702 3777 omni
1719 3709 1889 3779 credenti.
1933 3704 2007 3776 Nec
2024 3706 2163 3776 aliaest

1165 3807 1327 3879 doctrina
1351 3830 1434 3877 vera
1454 3809 1498 3878 de
1526 3799 1751 3880 invocatione
1773 3800 1858 3894 Dei,
1884 3812 1929 3879 de
1951 3809 2162 3879 reconcilia-

1166 3910 1265 3981 tione
1288 3904 1474 3980 hominum
1499 3934 1579 3980 carm
1601 3910 1697 3992 Deo,
1730 3914 1775 3982 de
1797 3912 1869 3982 vita
1893 3925 2055 3996 aeterna,
2091 3911 2161 3979 nisi

1167 4008 1252 4082 haec
1277 4013 1352 4103 ipsa
1368 4013 1514 4082 -tradita
1546 4037 1565 4082 a
1589 4010 1665 4083 Deo
1690 4038 1754 4104 per
1778 4012 1918 4094 Patres,
1953 4004 2160 4103 Prophetas,

1165 4110 1346 4186 Christum
1363 4128 1398 4183 et
1412 4111 1617 4203 Apostolos.
1668 4115 1793 4187 Servat
1815 4117 1925 4206 igitur
1938 4112 2037 4183 Deus
2061 4108 2158 4183 hunc

1165 4218 1313 4299 librum,
1333 4230 1367 4284 et
1382 4212 1776 4288 Ecclesiamc'nstodem
1792 4218 1870 4287 cias
1887 4217 1959 4286 esse
1973 4217 2156 4308 praecipit

1163 4318 1237 4390 Nec
1256 4331 1395 4389 tantum
1420 4321 1596 4410 proponi,¹¹
1621 4320 1708 4412 legi,
1740 4334 1777 4391 et
1798 4318 1916 4390 audiri
1940 4314 2049 4390 huius
2072 4317 2158 4388 libri

1164 4422 1363 4490 doctrinam
1387 4423 1548 4503 mandat,
1575 4414 1637 4493 sed
1654 4424 1732 4494 volt
1746 4418 1960 4502 Ecclesiam,
1987 4435 2158 4514 tanquam

1163 4525 1298 4594 loetum
1321 4523 1359 4592 in
1375 4522 1462 4593 alvo:
1480 4529 1656 4609 materno}
1680 4520 1766 4594 hnic
1781 4525 1954 4594 inclusam
1972 4522 2159 4594 doctrinae

1164 4626 1209 4694 ab
1224 4650 1264 4696 ea
1279 4625 1347 4708 ali,
1372 4627 1415 4694 ad
1434 4625 1540 4695 vitam
1556 4640 1752 4712 aeternam,
1777 4651 1843 4697 nec
1862 4626 1954 4695 alias·
1964 4626 2157 4718 opiniones

1164 4728 1209 4796 de
1226 4727 1373 4797 essentia
1389 4741 1424 4797 et
1437 4728 1620 4798 voluntale
1644 4726 1731 4810 Dat,
1758 4730 1807 4798 de'
1818 4753 1901 4798 vera
1917 4728 2158 4810 invocatione,

1164 4831 1256 4899 etde
1272 4829 1560 4899 reconciliatione
1578 4832 1774 4906 admittere.
1816 4831 1924 4903 'Sicut
1946 4831 2067 4924 inquit
2081 4826 2157 4899 Da·

1164 4932 1242 5001 vid:
1269 4931 1429 5001 Lucerna
1451 4933 1603 5022 pedibus
1623 4935 1711 5003 meis
1730 4937 1881 5005 verbum
1897 4936 2011 5006 tuu'm.
2063 4929 2155 5002 Cum

1163 5033 1272 5123 igitur
1291 5057 1431 5104 necesse
1453 5033 1500 5104 sit
1524 5030 1618 5105 hunc
1640 5037 1773 5106 librum
1794 5061 1817 5106 a
1832 5036 1907 5107 Deo
1933 5034 2039 5105 nobis
2057 5057 2157 5105 com·

1163 5138 1367 5206 mendatum
1388 5158 1615 5226 cognoscere,
1648 5142 1765 5232 neque
1784 5139 1822 5208 id
1845 5139 1925 5206 sine
1951 5138 2156 5230 cognitione

1164 5239 1364 5322 literarum,
1398 5238 1622 5326 linguarum,
1653 5254 1687 5311 et
1701 5242 1911 5311 multarum
1926 5240 2057 5310 artium
2080 5237 2155 5308 lieri

1163 5341 1292 5431 possit,
1326 5341 1551 5410 manifestum
1578 5357 1646 5427 est,
1675 5343 1862 5435 inprimis
1887 5338 2070 5412 Ecclesiae
2090 5339 2156 5412 nei
