4546 5760
23 140 27 146 ’
112 165 198 246 sss
694 161 1132 258 ,ouausr-touss
1169 163 1567 249 actouutcan
2091 174 2159 251 sss

119 341 348 417 domesticam
363 337 622 413 institutionem
639 339 811 432 singulari
822 339 950 430 pietate
959 353 993 412 et
1002 342 1114 413 debeo
1166 342 1268 412 ribus
1288 356 1325 415 et
1346 342 1497 414 dicimus
1515 341 1593 415 Deo
1617 340 1780 426 iuvante,
1811 352 1846 412 et
1860 368 1863 373 ·
1876 341 2008 414 dicturi
2021 364 2159 423 ‘sumus

118 446 302 531 venerari,
328 456 363 514 et
379 465 519 534 semper
536 445 756 521 venerabor.¹
797 440 891 515 Dixi.
1167 440 1246 514 Oro
1271 458 1387 515 autem
1412 445 1524 516 filium
1548 441 1618 514 Dei
1643 446 1822 515 sedentem
1838 444 1884 514 ad
1899 445 2078 516 dexteram
2096 443 2159 517 Ps-
2188 518 2192 532 ,

1112 578 1118 597 ·
1167 548 1250 631 tris,
1276 571 1315 616 ac
1331 548 1425 616 dona
1440 548 1648 636 largientem
1671 543 1868 630 Ecclesiae,
1902 559 1942 617 ut
1962 548 2080 619 studia
2097 568 2157 638 gn·

305 648 313 664 ’
362 622 541 707 &mm
563 622 607 689 “d
629 620 871 705 ommim·
1165 650 1310 735 bernct,
1338 663 1371 719 et
1388 672 1454 718 nos
1470 638 1662 741 protegat(
1694 635 1791 720 Dixi.

220 746 411 820 Carissimo
424 738 642 833 Francisec,
668 745 762 817 Volo
777 763 813 819 et
822 771 886 838 ego
899 771 1012 818 meam
1028 774 1115 819 con-

117 854 307 926 fessionem
330 862 446 919 extare
469 863 592 920 contra
608 850 909 942 praestigiatorem
928 848 1113 920 Viennen-

2101 859 2157 873 -ι

120 982 192 1028 sem
209 969 243 1025 et
258 953 411 1035 similes,
436 953 497 1044 qui
517 952 644 1022 volunt
661 978 823 1022 normam
844 953 970 1022 ludicii
988 953 1026 1022 in
1042 952 1114 1024 Ec·
1177 987 1243 1058 No·
1269 985 1329 1058 77·
1510 976 1514 982 ·
1604 978 1608 983 -
1863 923 1865 927 ’
1978 1016 2028 1056 ω.
2054 927 2194 1062 im*

67 1056 69 1065 ’
119 1058 223 1129 clesia
247 1079 336 1140 esse,
368 1078 442 1122 non
466 1054 595 1145 scripta
619 1051 830 1145 Prophetica
853 1070 887 1125 et
909 1051 1113 1146 Apostolica
1173 1081 1344 1110 *σω
1796 1092 1800 1099 ·
1957 1086 2159 1125 mes.-

117 1176 151 1232 οι
174 1157 365 1255 Symbola,
400 1158 460 1225 sed
488 1155 699 1239 Pontificum
727 1173 760 1228 et
781 1156 1008 1252 synodorum
1032 1183 1114 1228 sen·
1235 1187 1265 1238 tn
1286 1188 1415 1243 oration.
1434 1185 1467 1240 r.
1483 1190 1516 1242 v.
1533 1207 1557 1256 ρ.
1574 1188 1624 1241 aas
1670 1208 1715 1259 q„
1731 1186 1760 1242 a
1776 1186 1856 1245 one
1869 1200 1999 1260 possm.
2013 1188 2115 1259 sess.
2136 1196 2161 1242 a

119 1263 266 1345 tentias,
292 1273 326 1329 et
348 1253 413 1327 has
438 1259 565 1331 volunt
586 1260 702 1328 valere
722 1261 909 1329 autoritate
924 1259 1036 1351 Regia
1052 1285 1113 1332 seu
1267 1259 1338 1328 ΨΜ
1359 1258 1485 1312 ttictsrt.
1505 1257 1537 1312 T·
1555 1257 1602 1311 ¹¹¹·
1623 1279 1649 1328 t·
1699 1263 1722 1312 1.

116 1363 311 1436 Praetoria.
362 1359 439 1430 Hac
462 1363 548 1429 falsa
568 1363 795 1451 persuasione
811 1362 892 1430 elati
909 1361 1110 1449 Pontifices,

118 1464 350 1536 audacissime
373 1464 411 1530 in
436 1459 594 1531 Ecclesia
616 1464 836 1551 collocarunt
867 1478 900 1533 et
927 1467 1112 1538 stabiliunt

81 1565 357 1639 ‘multsldola
411 1565 494 1634 ideo
513 1567 717 1635 taxarieam
734 1579 949 1637 necesseest.
989 1606 992 1611 ·

222 1667 384 1738 Adfirmo
402 1693 459 1736 me
473 1668 626 1739 retinere
641 1663 743 1765 hanc=
753 1693 871 1737 veram
890 1671 1114 1757 sententiam,
1162 1652 1263 1736 Vult
1271 1661 1369 1736 Deus
1381 1680 1545 1738 aeternus
1556 1665 1662 1738 Pater
1675 1665 1948 1745 Dominiuostri
1959 1669 2040 1741 lesu
2050 1669 2161 1745 'Chri-

116 1773 289 1845 Normam
305 1771 429 1839 iudicii
441 1771 485 1838 de
501 1770 663 1839 doctrina
678 1770 716 1839 io
727 1768 968 1841 Ecclesiaesse
982 1774 1113 1862 scripta
1163 1769 1230 1853 sti,
1259 1783 1396 1840 creator
1411 1771 1549 1858 generis
1565 1765 1715 1841 humani
1736 1796 1818 1845 cum
1834 1773 1988 1845 filiosuo
2005 1789 2162 1852 coaeter,

117 1869 329 1966 Prophetica
356 1884 390 1940 et
408 1870 611 1962 Apostolica
634 1886 666 1943 et
689 1871 879 1966 Symbola,
911 1898 1001 1966 quae
1027 1874 1112 1967 qui·
1164 1894 1231 1954 no,
1263 1868 1419 1942 Domino
1451 1890 1574 1945 nostro
1599 1870 1679 1943 lesu
1700 1868 1864 1955 Christo,
1899 1876 2065 1946 cmcilixo
2096 1900 2160 1969 pro

118 1981 200 2047 dem
217 1976 291 2066 ipsa
306 1988 443 2045 tantum
462 1987 545 2044 sunt
558 1975 676 2044 brevis
692 1975 852 2046 collectio
869 1976 1114 2061 articulorum,
1164 1973 1288 2056 nobis,
1324 1988 1358 2044 et
1378 1975 1605 2060 resuscitato,
1638 1989 1672 2045 et
1692 1999 1771 2044 cum
1790 1974 2011 2068 Spiritusne
2027 1993 2159 2058 sancto,

119 2080 180 2172 qui
210 2071 457 2167 comprehensi
476 2089 572 2154 ‚sunt
597 2077 637 2146 in
667 2077 806 2169 scriptis
831 2073 1054 2171 Propheticis
1079 2092 1113 2149 et
1164 2075 1301 2145 erudiri
1324 2076 1475 2167 primam
1497 2090 1666 2162 aetatem,
1697 2091 1734 2148 et
1749 2078 1826 2151 uult
1841 2072 1918 2152 sea
1931 2081 2042 2150 nohis.
2056 2082 2159 2151 invo-

119 2180 349 2272 Apostolicis.
633 2218 635 2222 ·
1164 2179 1256 2262 cari,
1288 2178 1380 2248 sicut
1402 2178 1574 2270 scriptum
1596 2194 1664 2250 est:
1699 2177 1815 2251 Sinite
1839 2182 2008 2275 parvulos
2032 2186 2077 2253 ad
2105 2208 2157 2255 me

224 2280 331 2370 Quod
344 2305 427 2350 vero
442 2277 621 2351 Pontificii
635 2282 827 2368 obiiciunt,
851 2283 980 2375 scripta
998 2283 1113 2353 incer·
1164 2280 1300 2365 venire;
1334 2281 1459 2351 talium
1474 2297 1524 2351 est
1541 2282 1636 2351 enim
1653 2302 1800 2371 regnum
1818 2283 2012 2364 coelorum·
2071 2284 2157 2357 Vult

118 2402 153 2459 ta·
182 2406 272 2457 esse:
320 2384 448 2452 falsum
482 2397 551 2466 est,
597 2397 633 2454 et
664 2384 960 2456 contumeliosum
992 2400 1113 2461 contra
1163 2382 1273 2472 igitur
1306 2407 1372 2453 rros
1404 2384 1582 2454 assuefieri
1614 2384 1653 2453 in
1684 2380 1844 2455 Ecclesia
1868 2388 1913 2455 ad
1939 2386 2156 2457 recitandam

1164 1416 1344 1498 Quaestio
1371 1418 1529 1488 Ductori
1554 1415 1734 1490 Dostdt
1761 1384 1945 1514 (Vos‘pt‘)
1969 1360 2179 1513 proposita¹

1188 1538 1213 1587 a
1234 1519 1362 1612 Gosp.
1383 1524 1620 1607 Peucero,
1654 1521 1833 1593 Doctoris
1858 1524 2020 1633 Corpori
2038 1518 2135 1620 ¹{ilio

119 2487 246 2558 Deum.
301 2483 390 2555 Vult
405 2484 501 2555 Deus
518 2497 551 2553 et
572 2486 690 2556 audiri
705 2501 740 2557 et
762 2487 913 2576 intelligi
935 2510 1034 2558 suam
1050 2514 1113 2558 vo·
1164 2507 1264 2554 suam
1291 2486 1511 2571 doctrinam,
1544 2500 1585 2557 ut
1611 2499 1644 2557 et
1670 2509 1736 2556 nos
1770 2501 1805 2559 et
1831 2488 1895 2559 alii
1920 2489 2158 2561 adolescentes
2199 2512 2200 2519 ¹

119 2615 206 2663 cem.
250 2587 352 2677 Quae
367 2601 419 2658 est
433 2587 528 2655 enim
545 2588 700 2669 insania,
728 2589 861 2674 dicere,
883 2590 1115 2680 Decalogum,
1165 2588 1438 2658 commonebant
1464 2589 1509 2657 de
1540 2588 1723 2660 voluntate
1755 2584 1843 2675 Dei,
1881 2602 1923 2659 ut
1955 2592 2157 2681 cogitemus,

118 2691 393 2788 promissionem
408 2688 538 2779 gratiae
553 2704 588 2761 et
605 2692 920 2777 aeternaesalutis,
946 2694 1115 2762 articulos
1165 2689 1369 2758 discendam
1394 2714 1467 2760 esse
1491 2691 1709 2772 doctrinam,
1745 2691 2078 2784 sicutpraeceptum
2093 2708 2156 2766 est:

118 2794 392 2888 symbolorum,
419 2813 492 2860 esse
506 2790 659 2865 incertos
673 2816 795 2878 sonos,
820 2807 855 2865 et
869 2795 1001 2866 similes
1018 2795 1114 2867 soliis
1164 2790 1235 2862 Hic
1251 2809 1303 2862 est
1320 2792 1414 2861 lilius
1430 2816 1529 2862 meus
1543 2793 1711 2878 dilectus,
1739 2787 1835 2864 lsunc
1850 2795 1985 2866 audite.
2039 2794 2042 2801 ’

121 2896 292 2991 Sibyllae.
1267 2892 1367 2964 Sicut
1381 2910 1498 2965 autem
1514 2895 1683 2991 usitatum
1702 2911 1769 2979 est,
1795 2921 1959 2990 propono
1982 2899 2158 2991 quaestio·

156 3067 161 3075 ,
223 2995 333 3086 Quod
369 3019 452 3065 vero
479 2991 646 3069 haeretici
672 2998 766 3071 dicta
791 3003 964 3095 quaedam
993 3003 1113 3071 detor·
1163 3020 1264 3065 nem:
1299 2992 1359 3064 An
1387 3006 1475 3066 recle
1496 2990 1632 3066 dietum
1654 2995 1724 3082 sit,
1753 2995 1794 3066 in
1817 2993 2028 3090 defiuitione
2040 2992 2158 3095 Legis

120 3114 231 3197 quent
245 3101 290 3169 ad
314 3123 377 3170 sua
402 3099 653 3182 deliramenta,
678 3103 714 3170 id
733 3105 772 3174 fit
794 3105 954 3195 ipsorum
971 3104 1114 3188 scelere,
1164 3093 1341 3184 moralis,
1363 3091 1450 3169 Lex
1465 3095 1623 3169 moralis
1638 3108 1688 3168 cst
1705 3107 1855 3188 aelerna
1870 3110 1902 3171 et
1919 3100 2076 3195 immota
2095 3127 2159 3172 so·

121 3203 295 3299 quianon
310 3202 500 3272 conferunt
515 3199 832 3295 dictaProphetica
848 3219 883 3276 et
895 3203 1114 3296 Apostolica.
1162 3199 1320 3292 pientia,
1344 3208 1377 3271 et
1393 3225 1524 3270 norma
1542 3199 1712 3272 iusticias
1720 3198 1766 3270 'in
1783 3197 1887 3289 Deo,
1909 3184 2015 3274 saitis
2030 3197 2161 3275 radios

120 3306 261 3379 Scimus
278 3327 368 3395 opus
382 3322 454 3371 esse
471 3305 633 3375 doctrina
648 3318 684 3375 et
700 3308 889 3378 collatione
904 3308 1063 3377 locorum
1079 3322 1114 3380 et
1164 3301 1343 3372 immensu
1359 3300 1537 3388 bonitale,
1570 3305 1610 3375 in
1626 3301 1831 3375 rationales
1847 3314 2039 3376 creaturas
2054 3302 2159 3378 Deus

10 3472 13 3478 .
120 3408 357 3491 iudiciorum,
391 3406 482 3477 sicut
512 3423 616 3479 recte·
635 3408 726 3479 dixit
750 3407 991 3503 Epiphanius:
1029 3407 1113 3481 Non
1164 3403 1415 3492 t'ncrealt'one,
1441 3403 1673 3506 transfudit,
1700 3403 1908 3479 discernens
1924 3417 2023 3480 recia
2038 3419 2072 3481 el
2086 3432 2157 3481 oon

120 3510 406 3595 transformanda
421 3522 505 3579 sunt
519 3511 640 3579 omnia
657 3511 798 3582 dictain
808 3512 1026 3602 Allegorias‚
1051 3514 1111 3583 scd
1165 3516 1281 3590 recta,
1311 3518 1343 3579 et
1366 3504 1557 3579 ostendens
1574 3504 1675 3608 quod
1692 3510 1743 3579 sit
1757 3504 1883 3599 Deus,
1908 3519 1940 3581 et
1959 3507 2065 3610 quod
2077 3509 2159 3583 velit

122 3612 309 3683 retinenda
328 3625 378 3679 est
396 3612 516 3680 nativa
538 3613 727 3682 verborum
742 3615 951 3703 significatio
970 3614 1008 3684 in
1025 3616 1112 3705 lege,
1163 3620 1277 3698 recto,
1306 3619 1337 3680 el
1353 3611 1577 3709 praecipiat,
1599 3620 1638 3682 ul
1654 3611 1771 3682 simus
1786 3612 1862 3709 ipsi
1875 3611 2102 3711 conformes,
2128 3624 2158 3685 sl

122 3713 358 3807 promissione
392 3713 542 3801 gratiae,
574 3727 610 3782 et
644 3716 801 3786 articulis
835 3718 928 3789 fidei.
999 3716 1111 3789 Addit
1162 3708 1264 3809 quod
1275 3711 1359 3791 velit
1378 3710 1557 3784 destruere
1570 3723 1780 3811 pugnantes
1796 3739 1876 3785 cum
1899 3713 1973 3787 illa
1991 3741 2136 3789 norma.

122 3831 238 3887 autem
253 3809 496 3906 Epiphanius,
528 3839 618 3906 opus
634 3840 706 3887 esse
722 3840 827 3889 sensu
849 3832 884 3889 et
899 3819 1112 3910 speculatio·
1263 3816 1365 3888 Hanc
1381 3817 1625 3887 definitionem
1642 3820 1737 3888 bono
1751 3819 1903 3889 consilio
1916 3834 1951 3891 et
1968 3821 2030 3913 pio
2041 3821 2155 3893 studio

123 3943 179 3989 ne.
231 3917 345 3988 Sensu
362 3940 452 4008 opus
473 3931 527 3986 est
542 3920 586 3988 ad
604 3918 835 4008 intelligenda
850 3922 989 4010 singula
1006 3947 1111 3992 voca·
1162 3921 1346 4000 traditam,
1378 3920 1513 3992 arrodit
1535 3920 1679 4014 quidam
1702 3921 1902 3993 virulentus
1917 3918 2154 4017 Sycophanu,

121 4021 225 4092 bula:
258 4016 506 4111 Speculatione
529 4045 618 4112 opus
643 4034 711 4105 est,
736 4024 780 4093 ad
798 4024 957 4093 locorum
973 4038 1009 4094 et
1024 4026 1112 4117 dog·
1163 4016 1468 4111 hocargumento:
1523 4078 1526 4083 .

122 4137 257 4194 matum
291 4121 517 4191 collationem
551 4139 584 4194 et
618 4125 780 4195 ordinem
813 4127 1111 4197 constituendum.
1211 4121 1384 4194 Homines
1400 4148 1474 4193 non
1490 4137 1573 4195 sunt
1588 4126 1732 4198 aeterni.

122 4224 209 4296 Ideo
233 4224 272 4291 in
286 4221 444 4293 Ecclesia
466 4225 542 4294 vult
558 4224 652 4298 Deus
669 4251 742 4296 esse
757 4250 879 4298 vocem
894 4231 1112 4316 docentium,
1211 4224 1285 4298 Lex
1301 4240 1352 4297 est
1369 4228 1450 4296 data
1467 4221 1684 4297 hominibus.

123 4350 213 4421 quae
236 4350 309 4395 non
333 4326 454 4417 gignat
485 4351 577 4397 nova
602 4329 785 4422 dogmata,
818 4332 877 4400 sed
911 4355 1109 4402 sermonem
1213 4325 1308 4417 Ergo
1326 4330 1395 4398 Lex
1414 4341 1723 4400 nonestaeterna.

124 4422 376 4521 Propheticum
410 4442 445 4499 ct
473 4425 718 4520 Apostolicum
748 4435 868 4503 dextre
897 4436 1040 4513 reddat,
1075 4450 1111 4506 et
1262 4429 1367 4502 Nunc
1389 4456 1540 4524 quaero,
1564 4425 2027 4522 Anproterhaucfutilem
2046 4435 2151 4506 cavil-

122 4533 363 4602 membrorum
387 4532 550 4600 ordinem
575 4533 612 4599 in
633 4536 792 4606 docendo
816 4538 997 4624 ostendat,
1022 4563 1111 4631 qnae
1160 4533 1330 4603 lationem
1356 4534 1446 4604 falsa
1469 4535 1516 4604 sit
1539 4535 1754 4625 propositio,
1790 4534 1920 4625 Legem
1937 4556 2021 4607 esse
2041 4551 2151 4609 eeter-

124 4634 169 4704 ab
187 4633 377 4703 ineruditis
397 4634 475 4702 fieri
489 4657 563 4702 non
576 4648 735 4725 possunt.
1161 4660 1243 4705 nam
1260 4636 1469 4725 sapientiam
1492 4637 1531 4704 in
1546 4633 1640 4720 Deo,
1666 4649 1701 4707 et
1719 4637 1770 4706 sic
1785 4650 2037 4726 argumentor,
2064 4651 2152 4710 recte

224 4729 331 4804 Absit
352 4738 406 4803 ab
421 4731 578 4805 Ecclesia
604 4739 772 4823 audacia,
799 4764 905 4833 quam
922 4741 990 4810 sibi
1006 4739 1112 4809 multi
1161 4738 1212 4808 sic
1227 4738 1310 4808 dici.
1359 4733 1531 4830 Expresso
1545 4739 1714 4831 scriptum
1732 4751 1798 4809 est:
1824 4736 1902 4828 Ego
1916 4737 2016 4811 Deus
2032 4755 2067 4813 et
2081 4762 2153 4813 non

122 4836 311 4908 Pontifices
342 4849 376 4907 et
410 4833 588 4907 Haeretici
622 4857 867 4932 sumpserunt,
907 4857 942 4913 et
966 4856 1113 4912 sumunt
1162 4855 1294 4911 mutor.
1348 4838 1451 4911 Item:
1477 4839 1668 4910 NonDeus
1683 4842 1806 4911 volens
1818 4840 2040 4932 impietatem
2055 4859 2095 4925 tu
2109 4866 2154 4915 es.

123 4939 291 5011 omnibus
318 4941 555 5031 temporibus,
587 4943 772 5034 sculpendi
805 4943 920 5028 ldola,
954 4945 1111 5034 fingendi
1164 4941 1267 5013 Item:
1294 4941 1378 5012 Non
1398 4944 1481 5011 veni
1504 4943 1639 5013 solvere
1661 4944 1791 5032 legem,
1816 4945 1877 5015 sed
1894 4944 2069 5037 implere,
2107 4942 2152 5019 Et

121 5042 312 5133 opiniones
336 5064 397 5112 seu
420 5045 621 5133 peregrinas
643 5068 706 5116 seu
735 5047 929 5117 contrarias
951 5047 1030 5117 voci
1055 5047 1113 5116 di·-
1162 5068 1365 5138 quanquam
1388 5045 1535 5116 remittit
1554 5044 1651 5116 Deus
1672 5060 1829 5138 peccata,
1853 5060 2064 5120 tamennon
2079 5051 2152 5121 vult

121 5145 237 5216 vinae.
1163 5172 1223 5232 ea,
1254 5150 1314 5216 sed
1332 5146 1411 5217 vult
1424 5171 1463 5216 ee
1487 5172 1576 5241 quae
1591 5163 1794 5241 congrurmt
1813 5174 1894 5220 cum
1918 5149 1996 5241 lege
2015 5146 2156 5234 morali}

223 5245 294 5318 Sed
319 5247 363 5314 de
384 5241 450 5317 hac
472 5249 678 5341 quaestione
708 5246 775 5322 hoc
795 5265 953 5343 tempore
978 5251 1113 5340 integre
1163 5264 1198 5321 et
1219 5249 1373 5319 restituit
1393 5244 1574 5336 homines,
1601 5267 1642 5322 ut
1664 5254 1751 5324 fiant
1767 5252 1973 5329 ‚conformes
1995 5254 2150 5339 cumilla

122 5350 195 5422 diei
217 5372 292 5420 non
312 5361 444 5439 potest,
478 5354 523 5421 de
540 5377 611 5445 qua
627 5367 745 5427 tamen
760 5377 862 5446 saepe
880 5353 959 5425 aliis
976 5365 1113 5446 tempo-
1162 5375 1225 5424 soa
1242 5350 1424 5444 sapientis.
1477 5350 1580 5424 Item:
1606 5351 1646 5424 Si
1662 5355 1724 5426 itta
1743 5354 1915 5445 sapientis
1930 5372 2024 5433 esset
2039 5370 2153 5435 muts·
