4546 5760
99 204 171 288 tos
666 154 1095 302 onansrronns
1147 168 1581 319 sosanntcan
1813 237 1816 243 .
2053 180 2128 281 ’,ω

98 374 267 458 berum
289 375 466 452 Ecclesiae
487 378 527 450 in
544 375 612 452 hac
635 378 729 466 vita,
750 402 849 474 quae
872 391 924 449 est
948 377 1084 462 inclusa
1202 352 1380 489 lletpotstlt
1398 359 1445 428 sd
1465 359 1692 443 numm
1717 358 1832 452 navt,
1867 366 1915 437 ῃ,
1938 367 2063 440 pun

98 484 290 557 ninisterio
313 483 433 569 verbi,
457 506 534 552 nnn
557 483 679 567 aliter,
704 505 811 574 quam
829 480 945 552 loetus
959 478 1087 573 panni·
1551 443 1717 513 nm·

98 584 183 661 artis
202 585 293 656 suis:
324 584 373 656 ita
405 583 511 656 etiam
542 578 628 655 baec
658 584 777 654 cordis
805 582 1025 671 refrigeratio
1051 592 1087 651 ct
1227 576 1632 668 Estomniuoutdicis,
1650 585 1943 680 carissimepucr‚
1967 598 2125 688 quaestio

98 680 285 783 tpleitnnm
309 686 470 757 vitalium
487 683 685 777 generatio,
710 684 854 779 quaelit
880 683 1087 775 sinespira·
1134 682 1242 775 digna
1271 682 1524 774 explicatione,
1563 708 1669 778 quam
1704 691 1876 780 proponis
1904 717 1945 762 ex
1968 692 2126 785 „Galeam

98 786 419 885 dmpulmonis,
454 785 597 859 videtur
632 808 706 855 esse
730 786 846 876 imago
882 784 1087 855 donationis
1134 784 1193 855 cui
1213 785 1330 855 autori
1353 797 1393 854 ot
1417 784 1453 853 in
1471 783 1630 857 aliatuta
1648 785 1788 860 Medica
1810 797 2125 893 artemeritoplu.

98 880 249 983 spiritus
270 889 381 962 uncti
403 901 439 961 et
462 889 711 959 vivificationis
735 887 773 957 in
792 888 934 959 sanctis.
986 885 1087 958 Sicut
1135 886 1267 959 simum
1285 886 1496 971 tribuimus,
1523 888 1571 956 ita
1592 881 1649 956 bic
1666 913 1807 985 quoque
1822 895 1928 984 plane
1940 901 2125 986 assentior,

97 990 189 1065 enim
212 990 332 1061 inians
354 1012 428 1059 non
452 984 571 1063 haurit
591 989 793 1061 immediate
817 988 959 1059 vitalem
984 988 1086 1057 illum
1134 986 1326 1057 allirmanti
1350 987 1520 1057 infamem
1543 987 1581 1058 in
1605 1002 1705 1059 utero
1727 1004 1887 1066 materno
1910 997 2029 1072 vivere
2049 1001 2126 1074 sine

97 1086 246 1169 blitum
266 1114 308 1161 cc
329 1085 398 1160 boc
412 1094 513 1178 alite,
537 1091 599 1162 sed
619 1114 660 1160 ex
675 1104 787 1161 matre
808 1103 945 1162 tautum
960 1088 1087 1181 accipit
1134 1088 1385 1181 respiratione,
1416 1113 1507 1182 quae
1528 1084 1682 1161 thoracis
1707 1114 1747 1163 ac
1770 1096 1949 1185 pulmonis
1965 1104 2127 1176 duorol⁴

97 1202 158 1289 per
181 1191 308 1284 longos
328 1194 538 1265 arteriarum
556 1195 682 1264 ductus
699 1195 817 1263 ae‘rem
838 1192 936 1283 prius
952 1204 1086 1282 tempe·
1134 1185 1198 1263 καὶ
1223 1184 1401 1283 διαστολῇ
1425 1190 1620 1280 perficitur,
1655 1198 1857 1284 praesertim
1876 1225 1955 1271 curn
1984 1204 2058 1275 eius
2074 1195 2126 1277 rer

97 1308 235 1380 ntum,
258 1307 294 1365 ει
318 1306 436 1364 tamen
460 1294 634 1364 efficacem
651 1294 695 1362 ad
716 1293 952 1385 mitigandum
969 1291 1087 1363 cordis
1134 1304 1240 1363 testes
1263 1287 1391 1363 habeat
1426 1284 1614 1375 αὐτόπτας
1637 1291 1887 1387 Anatomicos,
1925 1304 1988 1398 qui
2022 1331 2126 1399 espe-

97 1400 248 1479 sestnm,
280 1396 373 1465 etad
397 1396 564 1466 tuendam
580 1395 706 1465 vitam:
733 1395 781 1467 ita
797 1396 835 1466 in
849 1391 1005 1465 Ecclesia
1023 1390 1088 1465 da·'
1135 1393 1284 1464 rientiae
1305 1394 1459 1484 allegant
1480 1394 1741 1482 testimonium,
1776 1398 1844 1471 fide
1867 1403 2126 1495 dignissimum.

96 1508 155 1570 tnr
178 1495 336 1591 Spiritus
358 1509 500 1566 sanctus
520 1518 585 1587 per
609 1496 758 1565 verbum
786 1508 820 1566 et
841 1520 905 1597 per
925 1495 1087 1566 ministe-
1136 1493 1328 1586 Quomodo
1348 1508 1465 1565 autem
1488 1509 1648 1568 constare
1665 1512 1697 1569 et
1713 1503 1842 1571 dirrare
1857 1507 1968 1597 possit
1982 1509 2054 1579 vita
2069 1511 2126 1581 io-

96 1598 190 1675 cltsrn
205 1597 306 1666 verbi
321 1598 464 1669 vocalis.
514 1596 602 1668 Naro
618 1595 773 1689 Spiritus
786 1610 926 1669 sanctus
946 1621 1021 1666 non
1036 1610 1088 1668 est
1135 1597 1242 1667 santis
1265 1596 1304 1667 in
1326 1608 1428 1667 utero
1450 1596 1527 1666 siue
1549 1591 1615 1669 bac
1635 1601 1887 1691 respiratione,
1913 1606 2019 1699 longa
2037 1612 2127 1684 esset

96 1698 218 1773 slim
238 1709 335 1768 extra
351 1699 518 1784 verbum,
541 1710 577 1769 et
591 1712 687 1770 extra
711 1713 850 1770 coetum
868 1712 1087 1783 vocatorum,
1135 1697 1369 1791 explicatione
1389 1720 1497 1790 opus,
1528 1702 1557 1767 si
1580 1698 1711 1771 Galcni
1732 1708 1943 1778 sententiam
1961 1713 2005 1781 de
2022 1737 2127 1802 pecu·

96 1800 135 1873 ΙΙ
147 1801 459 1871 contemnentibus
476 1812 538 1870 aut
557 1801 817 1891 negligentibus
833 1801 1000 1886 verbum,
1026 1800 1086 1869 sed
1136 1799 1284 1869 liaribus
1298 1799 1495 1884 meatibus,
1519 1801 1649 1892 quibus
1669 1805 1810 1893 sanguis
1825 1823 1858 1879 et
1875 1811 2020 1903 spiritus
2038 1815 2128 1886 vita·

96 1900 201 1975 adest
223 1900 332 1971 citam
356 1924 396 1971 se
418 1901 716 1983 consolationem,
748 1916 782 1973 et
796 1901 958 1973 accendit
976 1923 1088 1972 novos
1136 1901 1182 1970 lis
1212 1901 1251 1969 in
1279 1900 1485 1991 pulmonem
1518 1896 1719 1989 invehitur,
1754 1929 1918 1980 enarrare
1951 1916 2127 1991 deberem.

96 2014 216 2074 meos
229 2023 269 2072 sc
286 2025 415 2073 nocam
430 2002 545 2072 lucem
560 2001 600 2072 in
622 2003 666 2073 iis
680 2015 840 2087 tantum,
863 2003 925 2098 qui
942 2002 999 2092 pie
1012 2025 1089 2073 am·
1137 1998 1186 2073 Et
1199 2016 1251 2072 est
1266 2003 1422 2093 prolecto
1436 2025 1475 2071 ea
1490 2026 1546 2071 res
1557 2003 1726 2076 miraculo
1741 2006 1928 2098 similima,
1949 2016 2127 2110 sicutipse

95 2104 303 2203 pteetonror
334 2105 482 2189 verbum
511 2100 581 2175 Dei
609 2106 654 2176 de
685 2103 780 2176 Filio
807 2102 897 2185 Dei,
930 2101 1088 2175 Domino
1137 2126 1281 2198 quoque
1319 2100 1480 2174 Galenus
1512 2103 1699 2192 exclamat,
1739 2107 1775 2178 id
1806 2135 1879 2183 esse
1913 2111 2128 2210 θαυμάτων

95 2219 221 2277 nostro
242 2202 322 2277 lesu
340 2200 505 2291 Christo,
530 2204 622 2279 illud
647 2219 785 2293 amant,
809 2206 950 2298 legunt,
974 2205 1090 2277 medi·
1136 2197 1292 2277 πάντων
1312 2199 1509 2304 μέγιστον,
1542 2210 1637 2298 quod
1664 2209 1718 2279 illi
1737 2227 1869 2285 meatus
1884 2242 1990 2287 cavae
2007 2245 2127 2303 venae,

95 2318 241 2392 untur,
267 2307 534 2398 magnifaciunt.
1137 2321 1171 2378 et
1188 2301 1351 2377 Asteriae
1373 2327 1538 2396 maguae,
1575 2307 1813 2398 ingredientes
1830 2315 1868 2385 in
1884 2343 1964 2388 vasa
1986 2323 2127 2412 pulmo-

1139 2407 1215 2494 nis,
1238 2407 1277 2476 in
1293 2405 1490 2478 infantibus
1511 2411 1691 2502 conspicui
1713 2427 1746 2484 et
1762 2419 1937 2489 manifesti
1955 2438 2029 2512 post
2045 2447 2127 2516 par-

201 2488 327 2562 Pnstea
343 2515 427 2562 vero
440 2490 531 2565 sieut
547 2492 663 2563 inlesus
679 2507 854 2566 extractus
870 2518 911 2564 ex
929 2490 1090 2563 claustris
1138 2525 1213 2583 gum
1221 2558 1234 2593 ,
1260 2532 1341 2579 eum
1359 2509 1493 2601 spirare
1511 2533 1598 2600 puer
1611 2508 1785 2585 Thoracis
1806 2534 1903 2591 motu
1920 2525 2052 2614 coepit,
2079 2526 2127 2598 ita

96 2593 251 2665 Mleml
275 2592 386 2674 uteri,
420 2617 494 2663 non
513 2607 564 2664 esl
590 2609 796 2677 cuniculus,
830 2596 1089 2667 nutrimentum
1138 2622 1369 2695 evanescam,
1394 2624 1435 2682 ut
1457 2635 1502 2681 ne
1528 2614 1712 2705 vestigium
1737 2618 1881 2709 quidem
1903 2626 2055 2716 amplius
2072 2627 2128 2699 ul.

94 2716 143 2765 οι
160 2694 484 2765 uberibusmatris
505 2694 681 2787 accipere,
712 2699 772 2766 sed
800 2697 873 2788 ipse
896 2696 967 2766 iam
987 2696 1090 2766 avide
1138 2714 1213 2783 tum
1230 2734 1357 2781 eorum·
1370 2726 1550 2804 appareat,

96 2788 344 2867 huritafirero
361 2790 458 2865 baruc
472 2808 672 2879 externum,
690 2799 870 2892 perfusum
885 2796 1090 2868 coelestium
1240 2812 1311 2884 Sed
1334 2813 1418 2907 quia
1442 2815 1609 2905 temporis
1634 2821 1795 2908 angustia
1821 2847 1893 2893 non
1911 2828 2043 2916 patitur
2061 2826 2128 2905 huc

94 2918 290 2989 mmmm
311 2896 439 2966 l'flllllssl
470 2893 725 2990 ll2p081hilnc
746 2901 855 2971 vllam
873 2900 955 2969 laeli
970 2921 1088 2968 coram
1137 2915 1178 2984 in
1198 2913 1279 2983 1000
1302 2914 1496 3004 longiorem
1523 2918 1567 2985 de
1589 2942 1628 2986 ῃ
1651 2944 1689 2989 re
1713 2943 1911 2994 germonem
1935 2929 2130 3020 instituere,

97 2994 262 3069 tenemur
274 2998 530 3068 cousuetudine
546 3013 579 3068 es
593 3001 777 3091 comptem
790 3002 995 3073 dulcissimo
1013 2999 1091 3083 Dei,
1138 3017 1205 3086 ista
1222 3016 1454 3109 explicatione
1467 3016 1594 3087 omissa
1612 3020 1769 3090 transibo
1786 3027 1941 3098 adalind
1960 3036 2130 3108 oracionis

97 3110 135 3168 et
149 3099 404 3205 perfundemur
418 3112 453 3169 et
473 3099 732 3175 illustrabimur
748 3103 948 3172 immediate.
961 3102 1091 3194 spiritu
1138 3140 1270 3208 geum,
1290 3118 1401 3208 Μὴ
1415 3118 1668 3199 uenenarium,
1701 3129 1868 3220 quodque
1884 3152 1948 3220 ,30
1967 3137 2129 3208 „magum

96 3192 187 3280 net,
211 3221 276 3290 per
295 3223 400 3293 mem
423 3199 461 3267 in
482 3201 689 3279 aeternitate
712 3204 888 3287 vivemus,
920 3217 954 3275 er
971 3203 1034 3296 qut
1050 3202 1090 3271 in
1140 3220 1375 3292 libentissime
1390 3213 1449 3291 bie
1462 3220 1604 3311 publice
1620 3244 1771 3313 osona,
1795 3229 1974 3320 videlieet,
1993 3250 2034 3307 ur
2049 3256 2130 3329 gra-

97 3294 169 3419 bae
189 3300 471 3418 temporaliovita
484 3304 750 3422 propemodum
771 3304 861 3424 muti
884 3326 1006 3422 sumus
1029 3326 1091 3423 εει.
1139 3322 1210 3392 ria,
1228 3344 1329 3410 agam
1355 3321 1642 3412 praeceptoribus
1665 3325 1773 3411 meis,
1799 3352 1953 3423 quorum
1973 3360 2080 3431 opera
2096 3354 2131 3414 et

95 3420 179 3473 m
200 3399 294 3486 Deo,
325 3413 366 3472 ut
387 3401 505 3472 rufaus
527 3426 566 3473 sn
585 3417 705 3490 utero,
736 3419 797 3476 aut
818 3400 910 3474 nrbsl
932 3405 1006 3475 lere
1021 3426 1092 3473 nrsr
1142 3422 1210 3493 fide
1223 3425 1268 3492 ,d
1285 3416 1381 3492 hun,
1394 3424 1542 3512 gratum
1556 3438 1696 3496 mem,
1709 3450 1789 3498 ,um
1808 3448 1872 3506 εκ,
2114 3452 2119 3483 z

99 3501 265 3598 querelas
285 3503 331 3573 de
354 3515 474 3573 nostra
490 3504 630 3575 miseria
645 3519 679 3576 et
700 3505 912 3596 indignitate
927 3504 1092 3577 mussits-
1170 3600 1174 3604 ι

94 3624 199 3675 nst
230 3614 318 3673 tunc
331 3608 502 3696 concepto
526 3607 620 3677 intra
642 3620 781 3698 pectora
800 3620 920 3679 nostra
938 3606 1002 3677 illo
1018 3606 1093 3698 spi·
2119 3702 2122 3707 1

98 3705 176 3777 citn
197 3699 283 3788 Dei,
307 3729 534 3797 erumpemus
559 3709 597 3775 in
622 3707 728 3779 laetas
741 3733 862 3792 voces,
887 3723 922 3778 ει
939 3707 1092 3778 aeternis
1958 3720 1962 3735 “

97 3805 269 3877 laudibsss
299 3807 555 3881 celebrabimus
582 3807 790 3879 immensam
813 3809 1091 3881 misericordiam

99 3904 186 3981 llei.
235 3902 353 3996 Quem
375 3906 490 3979 Deum
510 3921 693 3981 aeternum
712 3925 846 4001 patrem
861 3909 1009 3983 Domini
1025 3933 1093 3981 nn·
1148 3867 1313 3993 Q
1912 3891 2131 3969 mmm

98 4007 167 4083 stri
199 4002 279 4079 lesu
304 4000 440 4079 Christi
469 4034 554 4097 oro,
584 4024 625 4081 ut
656 4033 752 4082 nunc
783 4036 925 4107 quoque
956 4012 995 4081 in
1026 4006 1092 4081 hac
1370 4081 1395 4097 ..
1631 4084 1639 4100 ‚
1843 4092 1851 4106 .
2122 4074 2125 4079 .

97 4132 310 4182 aerumnosa
331 4109 402 4180 vita
418 4126 518 4201 regat
538 4126 574 4183 et
587 4112 766 4184 illuminet
779 4137 844 4184 suo
863 4112 1004 4184 vivifico
1018 4111 1092 4205 spi·
1212 4077 1246 4140 ¹⁸
1263 4079 1417 4153 Q““⁰⁰¹
1435 4100 1462 4156 Ρ·
1481 4082 1566 4140 ¹⁰²⁸·
1585 4093 1613 4140 ‘³
1629 4104 1659 4140 ¹¹¹
1679 4087 1746 4147 ’Μ’
1765 4089 1869 4151 ⁰⁰⁰⁸¹¹·
1888 4091 1920 4152 Ρ·
1936 4097 1971 4153 'l
1990 4117 2019 4172 l·
2033 4102 2092 4160 ¹⁸2

98 4210 177 4284 riso
190 4210 423 4330 nosmiseros
445 4225 482 4332 ct
499 4213 695 4333 imbecillos
711 4216 898 4307 puerulos,
925 4214 1092 4333 utpossi·
1143 4261 1324 4345 Ouum-⁰
1356 4280 1383 4329 a
1412 4259 1558 4333 pm„
1589 4258 1689 4359 pugg,
1724 4271 1891 4342 mm
1922 4275 1965 4346 g„
1990 4298 2133 4351 pm*

100 4310 278 4385 muslicrr
301 4333 384 4383 vasa
407 4316 682 4402 misericordiae,
714 4330 749 4388 et
772 4340 903 4407 organa
924 4317 1091 4437 salutaria
1144 4365 1312 4434 mum
1343 4362 1457 4433 Dm·
1489 4364 1663 4438 „mon-3
1697 4365 1929 4445 popm„
1959 4378 2132 4454 Sam„

100 4412 364 4489 nobisetaliis.
414 4404 574 4487 Tueatur
588 4416 692 4487 etiam
708 4431 742 4488 ει
756 4431 939 4491 conservet
953 4419 1093 4539 carissi·
1142 4462 1249 4536 “ab
1292 4460 1456 4537 Numer
1477 4470 1580 4538 mk
1626 4465 1665 4543 9·
1680 4466 1718 4540 d·
1733 4472 1926 4546 Decem·
2023 4480 2041 4554 l

102 4536 184 4585 mus
214 4528 377 4608 parentes
406 4527 441 4586 et
468 4531 711 4610 praeceptores
738 4531 897 4606 nostros,
929 4546 991 4614 qur
1010 4532 1094 4591 suut
1253 4513 1268 4550 '
1451 4484 1478 4561 9
1585 4517 1601 4555 ’
1944 4500 2006 4551 ‘m'
2046 4483 2134 4560 Μ·

100 4616 225 4691 dulces
253 4617 307 4687 illi
338 4616 494 4704 canales,
527 4643 588 4710 per
610 4642 699 4713 quos
726 4622 830 4690 nobis
859 4621 1017 4692 coelestis
1037 4645 1093 4691 sa·
1144 4610 1269 4701 Credo
1294 4619 1546 4698 honestissimo
1568 4632 1719 4702 consilio
1744 4634 1945 4712 institutum
1969 4671 2060 4737 esse,
2093 4670 2133 4731 ut

100 4716 238 4813 pientia
259 4730 293 4789 et
315 4717 387 4787 rita
410 4720 681 4803 transmittitur,
719 4735 754 4793 et
777 4723 943 4794 defendat
967 4723 1005 4791 in
1037 4717 1093 4793 bis
1144 4728 1249 4800 nobis
1271 4727 1391 4822 pueris
1415 4727 1454 4797 in
1470 4723 1527 4800 lsis
1539 4734 1763 4823 spectaculis,
1789 4738 1827 4808 in
1851 4742 1981 4836 quibus
1996 4755 2131 4843 gravis-

101 4819 286 4907 lnroribus
310 4819 466 4902 diaboli,
499 4845 540 4891 ac
560 4823 676 4895 loveat
705 4822 866 4914 politias,
899 4816 1037 4893 scholas
1060 4837 1095 4893 et
1144 4830 1227 4903 simi
1246 4830 1336 4917 viri,
1366 4844 1524 4917 senecta,
1552 4834 1723 4927 sapientia
1743 4851 1778 4909 et
1799 4841 1930 4917 virtute
1953 4868 2133 4940 praestan·

99 4916 299 5007 Ecclesiae,
330 4945 421 5014 quae
450 4937 532 4994 sunt
553 4925 759 5016 panniculi,
791 4926 921 5019 quibus
942 4924 1094 4995 involuti
1146 4942 1199 5006 tes
1220 4930 1457 5018 conveniunt,
1486 4933 1628 5004 dicendi
1653 4951 1769 5030 partes
1790 4944 1895 5015 etiam
1917 4952 2133 5034 tribuantur.

101 5022 260 5095 susciter
280 5037 475 5114 gestamur,
506 5026 707 5111 nutrimur,
739 5027 913 5117 rigamur,
948 5039 981 5099 et
1005 5026 1095 5097 vivi·
1148 5032 1274 5105 Voluit
1294 5033 1392 5104 enim
1409 5033 1549 5126 sapiens
1564 5037 1757 5132 antiquitas
1778 5066 1843 5115 uos
1859 5050 1975 5122 statim
1995 5080 2012 5122 a
2035 5070 2133 5126 teue-

104 5124 254 5197 hamur
267 5124 411 5196 coelesti
429 5148 520 5195 rore.
569 5125 666 5200 Dixi.
1147 5136 1197 5205 ris
1219 5157 1293 5205 esse
1319 5148 1531 5229 spectatores
1552 5131 1681 5208 horum
1706 5154 1976 5235 congressuum,
2009 5171 2040 5225 ct
2066 5152 2132 5231 hoe

1148 5237 1308 5332 exemplo
1336 5248 1371 5307 ct
1387 5236 1565 5309 similibus
1580 5239 1732 5314 invitare
1751 5248 1796 5316 ad
1813 5248 1993 5323 literarum
2017 5271 2051 5328 et
2069 5263 2134 5329 do-

1148 5339 1282 5414 ctrinae
1298 5337 1582 5416 admirationem.
1632 5339 1725 5416 Cum
1741 5360 1857 5421 antero
1873 5351 1978 5426 luerit
1992 5351 2137 5435 lroncstc

1395 5437 1479 5512 61·
