4546 5760
112 180 190 267 sss
684 174 1113 278 Quausrsouus
1163 169 1569 253 scansurcau
2075 177 2152 253 sss
2259 295 2263 299 Ι

112 363 287 456 prodesse
310 356 555 453 'cogeritionem
584 358 790 450 linguarum
820 357 866 429 ad
889 355 1111 451 quaerendas
1161 350 1207 421 ad
1229 349 1307 421 eius
1328 351 1548 447 aequinoctii
1572 363 1705 423 metam
1729 351 1873 423 reversi.
1933 346 1984 425 Et
2004 352 2044 423 id
2067 374 2150 445 spa-

113 463 372 535 illas-illustres
386 476 421 535 et
434 463 614 556 simplices
629 460 835 535 sententias.
884 460 941 532 Ac
955 480 1058 551 saepe
1071 458 1111 527 in
1162 452 1256 523 cium
1281 454 1504 526 distribuisse
1531 455 1569 524 iu
1595 455 1785 525 duodecim
1815 477 1956 526 menses
1977 453 2150 541 Lunares,

112 565 269 639 minutis
283 565 466 657 particulis
480 587 647 655 magnam
662 562 737 634 vim
751 585 827 633 esse
840 575 997 648 constat,
1014 560 1112 656 quod
1162 556 1293 650 quibus
1309 557 1551 629 attribuerunt
1566 552 1731 648 Epactas.
1781 553 1861 628 Hoc
1876 556 1925 629 ita
1941 579 2015 627 csse
2035 552 2150 628 histo-

113 669 226 740 velim
241 667 396 758 cogitare
410 670 673 759 adolescentes,
687 680 723 739 ct
735 660 821 736 haec
838 665 955 736 studia
970 665 1112 755 lingua-
1162 658 1215 728 ria
1231 653 1355 730 Nohse
1370 671 1538 743 testatur.
1563 659 1603 728 51¹
1624 683 1694 754 (11¹³
1713 659 1892 731 mentium
1914 660 2004 729 ordo
2027 682 2152 731 meen-

113 794 200 843 rum
221 769 433 862 diligentius
459 769 594 856 colere,
620 783 656 841 ct
680 780 717 840 se
737 769 926 838 amandam
948 765 1112 860 proprie·
1162 773 1260 830 setur
1275 760 1343 843 ita,
1367 775 1410 833 ut
1425 776 1592 853 appareat
1604 761 1794 832 duodecim
1811 761 1992 832 mensibus
2009 761 2149 847 exactis,

113 887 228 946 tatettt
250 873 292 943 in
313 873 582 965 interpretando
606 871 842 945 adsuefacere.
892 866 1024 941 Defero
1047 892 1113 938 au·
1163 886 1298 933 annum
1316 864 1531 957 completum
1549 887 1634 940 esse.
1686 862 1760 936 Nec
1783 864 1939 935 arbitror
1955 864 2033 933 sine
2054 878 2150 937 certo

113 989 189 1049 tem
206 970 301 1047 hanc
316 975 560 1070 quaestionem
576 972 828 1066 inpraesentia
845 973 891 1042 ad
913 972 1032 1043 virum
1045 973 1113 1041 do·
1164 965 1334 1052 consilio,
1355 965 1403 1036 ita
1420 966 1587 1060 scriptam
1603 988 1677 1036 esse
1691 967 1959 1037 annotationem
1973 966 2151 1036 mensium

115 1078 342 1165 ctissimum,
377 1076 431 1152 Μ.
457 1073 499 1150 V
497 1074 590 1147 itum
615 1067 921 1160 Winshems‘um,
958 1074 1113 1145 amicum
1165 1068 1374 1154 etdicrum,
1399 1070 1531 1163 quibus
1546 1063 1649 1141 Nube
1669 1068 1738 1141 luit
1755 1067 1923 1152 inArsa,
1948 1083 1989 1139 ut
2014 1069 2152 1138 dunde-

114 1202 261 1263 meum,
286 1198 323 1252 ct
336 1202 442 1269 rogo,
466 1193 508 1252 ut
523 1204 600 1251 eam
618 1202 680 1250 seu
697 1173 766 1249 hoc
779 1193 942 1272 tempore
959 1198 1022 1247 scu
1039 1174 1111 1245 alio
1165 1170 1234 1241 cim
1248 1167 1393 1241 Menses
1408 1172 1575 1242 dicantur
1589 1171 1776 1263 completi,
1802 1185 1836 1242 et
1850 1171 1997 1261 insuper
2012 1172 2152 1241 addan-

116 1282 285 1376 cxplicet.
340 1279 435 1357 Diri.
1166 1287 1224 1343 tur
1239 1273 1316 1344 dies
1334 1275 1467 1344 decem.
1501 1272 1746 1363 Significatum
1763 1286 1817 1343 cst
1832 1273 1946 1359 euim,
1970 1267 2076 1345 Nube
2092 1271 2152 1341 in·
2215 1362 2222 1376 .

407 1396 413 1401 ·
1165 1388 1304 1465 tegrnm
1320 1374 1406 1445 solis
1420 1398 1555 1446 annum
1569 1377 1763 1466 complesse
1778 1376 1816 1444 in
1828 1371 1939 1461 Arca,
1963 1398 2044 1446 cum
2059 1377 2152 1445 duo-

958 1526 1100 1539 -.--
1167 1477 1281 1547 decim
1303 1501 1442 1549 menses
1460 1476 1622 1549 Lunares
1647 1478 1697 1548 ibi
1725 1479 1916 1570 peregerit,
1949 1489 1984 1548 et
2011 1490 2151 1570 epactas

1167 1582 1297 1655 decem.
1356 1578 1413 1653 Sit
1434 1580 1544 1671 igitur
1565 1595 1659 1652 certa
1681 1574 1768 1649 haec
1789 1580 1982 1665 sententia,
2015 1602 2154 1671 semper

136 1679 208 1757 No.
221 1679 285 1754 27.
882 1684 913 1748 4.
922 1682 1007 1769 Sept.
1019 1679 1113 1747 1544·
1167 1683 1259 1776 apud
1275 1683 1432 1754 eruditas
1456 1697 1576 1772 gentes
1594 1683 1681 1753 anni
1704 1684 1861 1774 spacium
1883 1682 1991 1753 luisse
2015 1684 2153 1752 duode-

125 1775 302 1809 Ἃ
890 1777 1104 1813 Μ
1167 1785 1236 1855 cim
1250 1784 1573 1871 mensesLunares,
1599 1798 1634 1856 et
1649 1798 1788 1878 epactas
1803 1786 1962 1879 aliquas,
1988 1808 2075 1878 quas
2091 1782 2152 1853 alii

80 1892 83 1897 ’
190 1894 447 1967 homotonp.
463 1891 555 1965 ⁵⁸⁸t·
591 1893 662 1949 ¹¹⁰³²
679 1887 1114 1975 insiteecuaetsnupsos.
1168 1887 1296 1979 magis,
1321 1886 1381 1957 alii
1397 1888 1518 1959 minus
1532 1888 1752 1959 considerate
1767 1888 1955 1958 duodecim
1971 1887 2153 1958 mensibus

223 1963 507 2038 ⁸¹⁶⁵¹¹d·¹'¹‘'⁴⁴⁵‘
1167 1991 1394 2061 addiderunt.
1454 1989 1526 2063 Sed
1552 1991 1644 2062 illud
1678 2003 1834 2077 constat,
1864 1990 1967 2060 initia
1994 1990 2079 2061 anni
2107 1990 2152 2060 de

1167 2092 1343 2163 industria
1359 2093 1492 2163 variata
1507 2116 1594 2167 esse.
1630 2088 1776 2165 Certum
1793 2107 1861 2178 est,
1878 2090 1989 2162 Moisi
2006 2092 2152 2163 initium

1170 2195 1256 2264 anni
1279 2215 1352 2265 esse
1374 2219 1394 2264 a
1419 2219 1530 2264 verno
1555 2195 1799 2289 aequinoctio,
1826 2191 1892 2266 boc
1912 2209 1981 2280 est,
2007 2220 2025 2264 a
2045 2195 2150 2263 novi·

1168 2297 1290 2382 lunio,
1310 2299 1406 2391 quod
1426 2298 1628 2390 proximum
1643 2298 1712 2368 fuit
1729 2297 1954 2392 aequinoctio
1972 2320 2032 2368 seu
2051 2318 2154 2387 prae-

1169 2401 1295 2471 cedens
1309 2422 1372 2471 seu
1385 2422 1557 2493 sequens,
1583 2401 1632 2469 ita
1648 2413 1786 2480 tamen.
1812 2414 1854 2471 ut
1869 2398 2061 2492 plenilunii
2076 2398 2153 2468 dies

1168 2518 1374 2596 sequeretur
1405 2503 1681 2597 aequinoctium.
1749 2499 1799 2573 Et
1831 2502 1982 2572 eundern
2016 2524 2151 2572 morem

119 2142 298 2233 Quccmio
326 2138 375 2213 de
401 2138 625 2213 discrimine
651 2161 839 2212 concresse
862 2137 966 2233 apud
991 2135 1115 2210 diuer-

118 2270 186 2323 sos
235 2252 362 2335 cutes,
389 2252 581 2317 eteorum
610 2242 892 2336 commoditate,
919 2241 1115 2333 proposito

120 2372 147 2424 α
230 2344 556 2425 ..Sebastiano
586 2344 875 2420 Theoderico
906 2340 1115 2417 Winsbe·

325 2453 438 2539 mio,
466 2472 529 2522 cn.
554 2446 668 2524 1544:
688 2448 724 2522 d.
744 2447 780 2525 4.
804 2454 911 2543 Sept.

120 2593 220 2680 Non
234 2602 278 2673 sd
299 2601 444 2671 inanem
459 2600 732 2671 ostentationem
754 2594 841 2670 haec
863 2598 1007 2672 dicendi
1028 2621 1115 2668 con·
1167 2605 1275 2674 luisse
1300 2605 1583 2698 Aegyptiorum,
1614 2605 1665 2675 ait
1689 2601 1908 2696 Simplicius.
1967 2601 2055 2682 Asia
2077 2604 2153 2673 ior·

121 2704 279 2780 suetudo
303 2702 467 2774 instituta
492 2717 561 2784 etl,
595 2727 660 2773 nec
693 2702 773 2772 ludi
800 2714 938 2772 lantum
963 2701 1114 2792 pueriles
1168 2707 1269 2776 tassis
1293 2709 1413 2778 studio
1435 2709 1592 2802 quodam
1612 2706 1836 2777 dissentienti
1869 2699 2051 2776 inchoavit
2087 2728 2153 2776 an-

120 2801 314 2881 sunthaec
327 2801 534 2877 scholastica
549 2804 759 2898 spectacula,
783 2804 844 2873 sed
860 2803 1024 2874 exercitia
1041 2803 1114 2873 uti·
1167 2833 1254 2879 num
1274 2811 1320 2879 ab
1343 2809 1570 2904 aequinoctio
1591 2809 1803 2881 autumnali,
1865 2806 1906 2879 ld
1926 2830 2068 2901 quoque
2092 2806 2153 2878 [u.

122 2911 174 2983 lie
198 2908 340 2982 studiis.
390 2908 476 2979 Ideo
501 2921 537 2979 et
560 2907 684 2977 venire
705 2905 931 2998 gravissimos
955 2906 1052 2976 viros
1074 2905 1112 2974 in
1167 2910 1246 2981 daei
1270 2926 1426 2982 recentes
1446 2912 1637 2983 nominant
1658 2910 1745 2980 anni
1770 2910 1926 2981 initium.
1989 2908 2152 3002 Cumque

122 3008 226 3086 huuc
241 3033 445 3083 conmsum
460 3011 636 3096 arbitror,
661 3034 708 3080 ne
721 3031 841 3079 mores
857 3009 996 3081 utiliter
1010 3008 1113 3080 iusti·
1168 3013 1349 3103 ignorent,
1375 3038 1411 3084 se
1435 3037 1454 3083 a
1477 3013 1626 3093 vicinis,
1652 3012 1784 3107 quibus
1800 3027 1880 3105 post
1896 3013 2152 3102 dispersionem

122 3114 196 3191 tuti
210 3113 433 3185 abolesntur.
488 3109 611 3200 Quare
632 3125 668 3181 et
693 3134 760 3181 nos
784 3111 1024 3182 adolescentes
1048 3112 1116 3182 ob-
1171 3115 1338 3209 permixti
1352 3116 1517 3202 fuerunt,
1543 3111 1640 3186 hunc
1658 3137 1795 3184 morem
1810 3115 1998 3207 accepisse,
2024 3135 2064 3201 sc
2086 3137 2155 3205 pu-

122 3234 325 3311 tempeme
338 3213 591 3287 mutuetudini
607 3214 724 3295 decet,
747 3236 843 3307 quae·
860 3213 940 3283 aliis
962 3212 1115 3283 necessi·
1167 3231 1245 3289 taut
1264 3231 1405 3289 autores
1429 3210 1520 3303 esse,
1544 3231 1578 3288 et
1592 3229 1770 3311 quaerunt
1792 3240 1833 3286 er
1848 3216 1925 3305 lege
1939 3216 2153 3300 testimonia,

123 3331 237 3395 tatem
255 3317 400 3390 dicendi
412 3316 586 3408 imponit,
611 3316 701 3387 alios
717 3314 817 3387 iubet
834 3313 969 3407 placide
978 3315 1113 3386 andire.
1166 3322 1227 3389 sed
1242 3343 1341 3390 secus
1356 3320 1544 3394 intellecta.
1595 3315 1737 3391 Rursus
1752 3319 1797 3389 ab
1807 3317 1989 3413 Aegyptiis
2002 3331 2036 3389 et
2048 3318 2153 3390 Asia·

123 3418 228 3496 flete
246 3445 306 3493 me
320 3442 424 3492 causa
447 3442 526 3490 cum
550 3418 688 3512 aliquid
708 3418 747 3487 iu
773 3414 841 3488 boc
863 3412 1112 3488 honestissimo
1167 3421 1246 3492 ticis
1264 3421 1450 3493 variarunt
1473 3418 1623 3505 Graeci,
1649 3421 1780 3515 quibus
1799 3421 1888 3490 anni
1915 3420 2060 3490 initium
2082 3420 2152 3490 fnit

125 3522 427 3599 memdicare
445 3535 567 3612 cogat,
591 3545 722 3615 quaeso
748 3544 793 3592 ne
815 3544 872 3590 me
893 3518 1113 3613 impudentia
1166 3524 1353 3594 asolstitio
1369 3523 1512 3594 aestivo.
1563 3520 1669 3595 Unde
1684 3523 1793 3593 luerit
1806 3523 1964 3594 studium
1976 3521 2154 3607 variandi,

123 3620 221 3699 mibi
243 3623 436 3717 sumpsisse
459 3616 524 3693 has
539 3636 656 3715 partes
671 3622 893 3707 existimetis,
917 3625 980 3692 scd
995 3621 1112 3693 officio
1167 3626 1306 3712 nescio,
1332 3628 1393 3695 sed
1418 3640 1537 3697 tamen
1556 3623 1678 3697 Latini
1699 3649 1719 3696 a
1741 3621 1876 3695 Graeca
1897 3625 2153 3695 consuetudine

123 3728 321 3801 adductum
343 3748 419 3797 esse
437 3725 713 3810 addicendum,
739 3737 779 3795 ut
801 3725 981 3796 autoritati
1004 3721 1113 3795 Prae·
1168 3729 1424 3815 discesserunt,
1456 3742 1491 3799 et
1522 3750 1658 3798 annum
1690 3753 1710 3799 a
1735 3726 1887 3800 solstitio
1907 3722 2068 3823 hyberno
2093 3727 2152 3795 in-

124 3842 311 3924 ceptorum
335 3841 370 3900 et
390 3827 644 3900 consuetudini
669 3850 807 3901 morem
831 3850 962 3918 geram.
1014 3826 1114 3899 Alias
1166 3826 1352 3903 choarunt.
1411 3827 1509 3902 Haec
1540 3829 1693 3912 varietas
1724 3829 2009 3900 consideratione
2043 3829 2174 3920 digna·

123 3947 247 4007 mem
270 3932 318 4002 de
340 3929 421 4002 aliis
443 3931 603 4003 materiis
625 3930 833 4011 disseritur,
865 3943 900 3999 el
923 3953 1004 4001 eum
1027 3925 1114 3999 haec
1167 3948 1237 4021 est,
1262 3947 1296 4005 ct
1312 3934 1427 4005 lucem
1447 3929 1606 4005 historiis
1623 3929 1821 4012 Ecclesiae,
1846 3944 1879 4001 et
1897 3932 2048 4001 alianum
2065 3954 2152 4020 gen-

123 4048 250 4109 nostn
268 4025 524 4125 Philosophica
547 4033 665 4105 studia
693 4031 826 4103 servire
847 4026 1025 4102 Ecclesiae
1049 4034 1112 4104 de·
1166 4038 1257 4109 tium
1281 4038 1407 4110 adfert.
1455 4031 1504 4107 Et
1531 4034 1717 4125 diligentia
1739 4034 1779 4102 in
1799 4033 1887 4102 anni
1911 4033 2152 4125 descriptione

125 4138 256 4222 ment,
281 4159 358 4207 non
373 4136 662 4228 intempestivum
678 4148 749 4221 cst,
765 4129 825 4205 hic
840 4133 988 4205 recitare
1002 4158 1113 4230 quae·
1166 4140 1409 4230 cognoscenda
1439 4151 1475 4209 et
1495 4137 1699 4222 retinenda,
1733 4135 1837 4205 valde
1868 4136 2062 4206 necessaria
2088 4149 2149 4204 est.

123 4239 278 4322 sticum,
303 4262 395 4334 quae
408 4237 547 4332 aliquid
560 4238 651 4311 lucis
669 4237 837 4310 adferunt
861 4236 1001 4330 scriptis
1023 4235 1113 4309 Pro·
1166 4239 1255 4312 Vult
1270 4242 1365 4311 enim
1380 4236 1477 4310 Deus
1491 4263 1556 4309 nos
1577 4239 1668 4310 scire
1683 4239 1859 4309 mundum
1875 4239 2048 4330 coepisse,
2075 4236 2152 4306 vute

123 4337 287 4437 phcticis.
1170 4343 1299 4414 animis
1320 4357 1414 4414 retro
1436 4343 1506 4432 legi
1529 4341 1650 4412 omnia
1673 4336 1853 4412 Ecclesiae
1874 4355 2049 4432 tempora,
2075 4338 2152 4410 vult

228 4442 366 4515 Passim
381 4441 511 4534 legitur
525 4440 711 4513 dissimilia
730 4443 839 4514 fuisse
865 4443 981 4536 spacia
998 4467 1113 4514 annm
1165 4447 1291 4517 seriem
1313 4440 1544 4517 historiarum
1565 4444 1733 4535 conspici.
1794 4440 1933 4512 Horum
1957 4437 2050 4510 nibil
2073 4441 2150 4512 fieri

122 4572 229 4633 rum,
253 4547 348 4638 apud
365 4545 523 4616 diverses
536 4557 667 4633 gentes.
702 4543 885 4616 Arcadum
902 4544 1113 4617 annosTri·
1167 4561 1298 4640 posset,
1327 4549 1357 4619 si
1381 4546 1468 4616 anni
1490 4546 1678 4638 descriptio
1704 4559 1798 4617 certo
1827 4544 1927 4614 nulla
1957 4557 2147 4614 teneretur.

123 4661 275 4723 mesra
292 4646 401 4719 fuisse
415 4660 575 4720 narrant.
619 4644 1014 4720 Romuliannodecem
1033 4661 1110 4717 tau·
1166 4650 1286 4742 Quare
1300 4647 1386 4721 baec
1401 4649 1518 4719 studia
1535 4651 1685 4719 amanda
1703 4662 1738 4718 et
1756 4647 1904 4716 colenda
1922 4663 2015 4720 sum.
2056 4644 2148 4717 Cum

123 4766 204 4826 tum
225 4773 365 4822 menses
385 4750 564 4822 tribuunt.
622 4748 810 4839 Leguutur
830 4765 866 4821 ct
886 4749 955 4820 alia
986 4751 1111 4820 absur·
1165 4767 1282 4825 autem
1298 4751 1573 4823 multaesintin
1592 4747 2148 4843 hacrequaestiones,quomo‹lo

124 4856 242 4928 diora
293 4851 390 4923 Haec
412 4853 477 4923 etsi
503 4852 625 4923 omnia
647 4854 807 4924 fabulosa
844 4875 917 4922 esse
945 4854 1111 4939 arbitror,
1164 4869 1362 4945 congruant
1389 4854 1577 4925 duodecim
1613 4875 1750 4923 menses
1780 4850 1941 4921 Lunares
1974 4853 2018 4921 ad
2053 4850 2149 4921 Solis

122 4972 248 5029 tamen
262 4955 497 5027 concedamus
519 4978 626 5041 saue,
650 4956 789 5049 aliquas
809 4954 1006 5026 ineruditas
1024 4979 1110 5046 gen·
1164 4959 1330 5029 cursum?
1389 4954 1488 5046 Quid
1518 4956 1659 5025 differat
1695 4976 1812 5024 anneis
1844 4952 2023 5034 lulianus,
2075 4976 2148 5043 quo

114 5051 181 5132 'les
203 5057 336 5129 oblitas
363 5078 436 5129 esse
457 5059 656 5129 doctrinam
679 5058 724 5128 de
746 5082 859 5139 anno,
894 5059 1061 5129 traditam
1091 5083 1110 5128 a
1163 5084 1259 5130 nunc
1282 5062 1438 5144 utimur,
1464 5081 1483 5127 a
1507 5074 1623 5127 vetere
1639 5056 1823 5126 Mosaico?
1873 5053 1921 5126 Et
1944 5078 2033 5148 quae
2056 5052 2147 5122 ratio

122 5160 253 5256 primis
265 5159 451 5230 Patribus:
479 5158 616 5231 Tamen
630 5159 721 5230 illud
739 5174 875 5233 certum
890 5173 962 5246 est,
979 5159 1111 5245 Patres,
1161 5164 1208 5233 sit
1235 5161 1455 5253 expeditior?
1514 5159 1767 5248 Quaestionem
1794 5153 1887 5228 banc
1913 5160 1958 5227 ad
1984 5156 2146 5226 doctissi-

122 5262 193 5359 qni
207 5259 387 5334 Ecclesiae
408 5263 661 5353 gubernatores
683 5264 851 5348 fuerunt,
881 5286 1018 5334 anuum
1043 5288 1109 5331 vo·
1162 5289 1260 5335 mum
1275 5267 1392 5336 virum
1408 5257 1658 5332 M.Erasmum
1674 5256 1860 5334 Reiuhold
1879 5259 2142 5332 salveldensem

122 5388 206 5439 care
219 5366 371 5451 solitos,
397 5387 538 5435 cursum
558 5362 655 5437 Solis
677 5367 724 5438 ab
745 5365 971 5461 aequinoctio
986 5362 1108 5435 Verno
1160 5368 1300 5455 desero,
1324 5382 1358 5439 et
1381 5380 1461 5458 peto
1482 5364 1775 5459 explicationem,
1800 5385 1867 5435 cur
1885 5340 2011 5432 uiilior
2032 5375 2067 5433 et
2086 5384 2143 5429 ex·
