4546 5760
64 2583 358 2693 locabimom
394 2598 715 2691 consectarium
762 2602 807 2689 in
852 2600 1015 2689 edendo
1053 2600 1279 2688 Volumine
1325 2597 1595 2710 epistolarum
1637 2593 1721 2680 sibi
1763 2590 2098 2680 ahlclantlrone

65 2822 381 2932 inscriptam,
412 2820 611 2930 temporis
636 2828 677 2904 et
700 2819 911 2906 hominum
933 2840 1128 2934 magnam
1150 2817 1356 2904 habuisse
1376 2815 1600 2926 rationem,
1626 2810 1763 2924 neque
1791 2812 1925 2927 igitur
1955 2828 2098 2893 omnes

65 3037 360 3125 hlelanthonis
396 3037 603 3146 epistolas
642 3035 726 3121 sibi
763 3037 946 3146 scriptas
986 3033 1194 3149 edidisse,
1237 3032 1374 3119 editas
1404 3040 1541 3119 autem
1575 3038 1763 3117 mutasse
1794 3036 1836 3114 et
1869 3007 2122 3135 mutilasse,

65 3254 194 3348 dubio
220 3216 351 3338 emet.
418 3249 543 3356 Quod
575 3272 657 3360 quo
687 3252 829 3364 magis
856 3250 1066 3365 dolebam,
1102 3276 1153 3337 eo
1180 3248 1416 3336 studiosius
1447 3246 1725 3359 inquirebam,
1762 3271 1819 3333 an
1849 3239 2100 3357 apographa

64 3470 137 3554 vel
168 3464 356 3554 fortasse
384 3463 655 3577 autographa
684 3475 970 3576 superessent.
1038 3465 1128 3553 Sed
1157 3476 1327 3577 praeter
1358 3489 1483 3552 unum
1516 3464 1588 3548 vel
1616 3464 1792 3551 alienun
1819 3456 2101 3572 apographon

66 3682 177 3770 nihil
205 3691 413 3792 repertum
442 3687 510 3767 est
538 3679 705 3767 illarum
735 3684 1005 3790 epistolarum
1035 3684 1079 3769 in
1108 3684 1389 3770 bibliothecis.

212 4002 293 4114 At,
335 3999 447 4111 quod
481 4022 566 4084 non
606 4024 898 4113 speraveram,
939 4002 1092 4088 evenit.
1163 4005 1250 4088 lter
1286 4009 1384 4087 ante
1420 4000 1644 4088 triennium
1673 3998 1883 4086 liresdam
1918 3993 2103 4101 facienti,

66 4218 169 4304 mihi
193 4217 249 4303 ab
279 4214 445 4302 homine
475 4215 597 4302 docto
623 4214 798 4301 nuntius
827 4217 985 4304 allatus
1012 4225 1100 4331 est,
1128 4217 1420 4304 illelanthonis
1448 4200 1719 4328 autographa
1747 4216 2017 4327 epistolarum
2045 4206 2102 4292 ad

67 4431 356 4521 Camerarium
392 4456 494 4548 esse
531 4431 691 4517 Romae
731 4434 776 4517 in
811 4432 1066 4520 bibliotheca
1103 4435 1316 4543 Principis
1353 4432 1505 4544 elligi.
1583 4433 1706 4539 erod
1741 4433 1812 4519 uhi
1847 4430 2103 4537 audiveram,

67 4650 208 4735 statim
232 4649 388 4763 rogavi
411 4647 616 4734 hominem
632 4648 912 4736 doctissimum
938 4659 980 4737 et
1002 4616 1217 4737 literarum
1237 4651 1553 4763 peritissimum,
1583 4646 1912 4736 ustensilibus
1925 4643 2103 4744 Broon,

72 4861 332 4976 Gothanum,
373 4862 445 4950 diu
481 4863 561 4950 iam
589 4863 748 4953 Romae
779 4865 1026 4983 degentem,
1065 4874 1113 4953 ut
1147 4867 1260 4954 hunc
1294 4869 1476 4954 codicem
1507 4863 1865 4980 autographorum
1892 4861 2104 4948 conferret

70 5105 162 5169 oum
198 5079 308 5169 libro
344 5079 475 5196 edito,
503 5083 633 5207 ¹ouius
662 5083 876 5192 exemplar
907 5082 946 5166 ei
978 5083 1086 5172 misi.
1161 5084 1243 5190 oui
1279 5083 1443 5196 quidem
1479 5081 1677 5192 precibus
1711 5083 1814 5167 meis
1850 5077 2100 5166 satisfacere

68 5299 253 5388 hheutm
283 5296 462 5412 studuit,
494 5299 677 5386 codicem
705 5298 751 5382 in
776 5299 1030 5384 bibliotheca
1059 5300 1278 5414 chigiano
1304 5302 1484 5408 invenit,
1514 5298 1611 5411 sed,
1648 5296 1846 5429 quidquid
1878 5297 2103 5381 tentaverit
