4546 5760
147 164 148 168 ‘
190 188 293 274 oss
670 175 972 294 auaooura
1005 196 1082 275 ur
1112 172 1345 275 suavus
1375 170 1733 273 coucroars'.
2142 170 2214 270 tn

190 374 261 445 fide
284 395 324 456 ac
338 371 521 464 diligentia
549 372 732 466 religionis
748 387 782 445 et
802 374 1020 464 optimarum
1047 371 1177 444 artium
1228 364 1357 442 randis
1379 368 1548 462 operibus
1570 367 1783 453 delectatur,
1807 365 1935 439 ordine
1951 366 2120 439 videlicet
2135 391 2221 438 crea-

192 473 368 570 principia
395 469 461 545 hac
477 489 599 546 nostra
615 490 728 548 aetate
750 492 931 571 utcunque
947 475 1178 569 percepimus.
1231 473 1362 558 tionis,
1400 469 1575 541 mirandis
1598 468 1766 561 operibus
1789 469 2010 541 liberationis
2034 465 2220 553 Ecclesiae,

192 575 346 666 Agimus
369 577 488 671 itaque
509 574 585 648 Deo
602 579 738 671 optimo
764 580 916 671 maximo
938 602 1081 667 magnas
1099 601 1180 666 gra·
1231 576 1306 669 ipsa
1335 573 1403 644 filii
1429 571 1496 644 Dei
1519 572 1741 652 obedientia,
1776 572 2001 663 copulatione
2024 571 2172 642 divinae
2193 586 2221 644 et

192 679 278 758 tias,
309 681 404 771 quod
440 679 552 769 ipsius
580 705 727 751 munere
755 682 902 770 contigit
925 682 1031 749 nohis
1051 680 1089 748 in
1114 675 1179 748 hac
1232 673 1409 747 humanae
1430 691 1596 765 naturae,
1629 673 1912 766 promulgatione
1934 672 2140 755 doctrinae,
2172 697 2220 744 re-

80 790 92 802 '
123 831 126 835 >
194 779 407 865 Academia,
425 781 580 871 primum
596 798 716 854 nostra
730 782 871 871 ingenia
888 784 1041 852 formare
1054 783 1097 849 ad
1113 782 1180 849 bo-
1231 778 1451 848 surrectione
1469 795 1502 848 et
1520 790 1648 857 morte,
1674 775 1818 865 praeliis
1832 787 1867 845 et
1883 774 2043 845 victoriis
2058 776 2221 846 adversus

194 905 261 952 nos
276 905 412 973 mores,
437 895 471 951 et
496 885 540 952 ad
558 884 674 954 studia
692 879 862 970 honesta,
889 897 924 954 et
941 881 1117 952 Ecclesiae
1140 906 1179 951 ac
1231 879 1429 951 diabolum.
1480 878 1534 949 De
1557 872 1613 947 his
1636 877 1858 947 admirandis
1881 877 2109 968 spectaculis,
2139 901 2221 970 quae

90 1015 98 1034 *
193 981 429 1077 Reipublicae
449 984 552 1053 utilia
568 1010 608 1055 ac
628 987 833 1056 necessaria.
884 983 1023 1056 Deinde
1039 984 1177 1074 agimus
1232 980 1536 1052 considerabimus
1562 981 1600 1048 in
1622 992 1695 1051 tota
1717 979 1943 1061 aeternitate,
1973 977 2151 1050 Salomon
2174 980 2221 1048 lo-

194 1085 321 1176 gratias
337 1087 647 1178 praeceptoribus,
674 1089 770 1182 quod
790 1087 975 1179 principiis
998 1086 1177 1156 bonarum
1232 1083 1372 1178 quitur,
1404 1106 1484 1154 cum
1513 1077 1572 1151 hic
1596 1081 1662 1155 ait:
1696 1078 1916 1171 Sapientiam
1937 1079 1976 1149 in
2001 1081 2090 1151 orbe
2114 1094 2222 1154 terrae

193 1187 324 1257 artium
358 1209 424 1255 nos
455 1188 500 1256 ad
529 1190 761 1259 maximarum
795 1213 914 1258 rerum
939 1187 1180 1276 cognitionem
1236 1186 1370 1256 ludere.

194 1301 505 1382 praeparaverunt.
557 1286 707 1379 Agimus
734 1305 768 1360 et
795 1291 924 1381 gratias
951 1288 1181 1360 aliis-doctis-
1334 1283 1587 1356 Dulcissimum
1609 1296 1726 1353 autem
1749 1293 1820 1369 est,
1850 1282 1947 1376 quod
1971 1280 2041 1369 ait,
2074 1280 2222 1355 delecta·

194 1390 294 1460 simis
320 1404 353 1460 et
380 1390 584 1459 clarissimis
609 1392 713 1472 viris,
747 1405 782 1462 et
808 1387 1054 1474 Scholasticis,
1081 1391 1179 1484 quod
1236 1386 1350 1458 tiones
1372 1380 1832 1456 eiusesseinhominibus.
1882 1381 1961 1453 Hoc
1978 1397 2049 1470 est,
2075 1386 2222 1455 laetatur

195 1486 345 1562 bonoria
377 1491 488 1560 nostri
520 1515 623 1562 causa
649 1507 807 1563 nostram
831 1493 1094 1583 promotionem
1116 1514 1177 1560 sua
1233 1489 1309 1582 ipse
1328 1481 1412 1558 liliis
1426 1485 1514 1572 Dei,
1538 1488 1634 1580 quod
1659 1486 1821 1578 patefacit
1837 1508 1874 1555 se
1888 1486 2003 1555 uobis.
2056 1483 2223 1556 Patelacit

195 1593 394 1686 praesentia
425 1616 554 1662 ornare
585 1618 659 1666 non
691 1608 774 1665 sunt
799 1595 994 1684 dedignati.
1046 1591 1099 1663 Ac
1126 1591 1181 1661 vi·
1236 1605 1353 1661 autem
1375 1615 1412 1659 se
1435 1589 1655 1683 promulgata
1679 1588 1782 1673 voce,
1807 1600 1841 1656 et
1864 1611 1927 1679 per
1948 1611 2070 1657 vocem
2084 1588 2223 1658 catelli·

197 1695 313 1763 cissim
336 1695 381 1763 iis
406 1697 666 1777 observantiam
691 1722 730 1767 ac
751 1696 866 1767 officia
889 1710 1010 1769 nostra
1037 1694 1182 1788 pollice·
1236 1716 1317 1771 sax,
1343 1689 1497 1761 restituit
1518 1687 1622 1768 nobis
1637 1689 1763 1774 vitam,
1788 1689 2164 1774 ettranslormatnos,
2187 1700 2224 1759 ut

146 1804 149 1813 '
196 1811 291 1869 mur.
345 1793 441 1871 Dixi.
1236 1790 1368 1864 Pardus
1383 1792 1517 1886 inquit:
1543 1789 1857 1860 Translormamur
1870 1791 1915 1859 ad
1933 1792 2083 1860 eandem
2101 1789 2224 1879 imagi·

1237 1918 1338 1981 nem,
1362 1908 1401 1965 ut
1423 1908 1543 1964 nostra
1559 1891 1621 1961 lux
1638 1891 1683 1962 sit
1699 1890 1824 1962 similis
1839 1884 1950 1991 λόγῳ.
1974 1938 1980 1950 ·
2000 1889 2093 1962 Cuin
2110 1905 2225 1962 tantae

1238 2020 1294 2067 res
1329 1996 1367 2065 in
1400 1990 1456 2064 his
1489 1991 1607 2065 verbis
1634 1991 1838 2064 Salomonis
1867 1988 2226 2084 comprehendantur,

195 2063 341 2188 Q
909 2068 1180 2203 Q
1239 2093 1364 2173 hortor
1392 2094 1589 2178 studiosos,
1622 2108 1662 2164 ut
1689 2118 1730 2163 ea
1759 2094 1816 2185 pie
1838 2093 2081 2178 considerent,
2117 2107 2153 2166 et
2172 2093 2226 2163 di-

266 2250 299 2305 la
319 2251 483 2321 Quantis..
499 2251 533 2306 ,g
551 2249 642 2306 gg„
660 2171 738 2305 agg,
756 2270 785 2326 p.
796 2249 879 2308 1232,
889 2271 949 2325 sqq.
1238 2211 1354 2283 scant,
1379 2193 1438 2267 hic
1454 2197 1560 2266 simul
1575 2195 1714 2266 ostendi
1730 2189 1765 2265 et
1778 2194 1978 2266 doctrinam
1994 2198 2040 2265 de
2055 2197 2134 2266 filio
2150 2194 2228 2282 Dei,

1240 2313 1274 2371 et
1287 2299 1528 2372 commendari
1542 2294 1897 2368 nobisMinisterium
1913 2293 1978 2366 bac
1989 2319 2131 2369 wmma
2146 2311 2226 2368 cau-

199 2381 330 2450 θῗαῗὶθ
366 2383 534 2452 '‘dial“
558 2399 596 2450 ἀ
625 2379 677 2451 D·
714 2382 924 2450 mmm
965 2376 1187 2470 mem>
1238 2426 1294 2486 sa,
1319 2405 1415 2495 quod
1438 2398 1639 2491 ipseFilius
1662 2398 1727 2468 Dei
1749 2397 1841 2467 adsit
1862 2399 1942 2467 voci
1959 2394 2170 2487 Evangelii,
2195 2413 2227 2469 et

216 2489 387 2572 mmm
408 2487 452 2554 ¹⁰²⁸
472 2483 675 2553 9⁰⁶i⁰m⁵
698 2480 824 2553 Τὴθθι·
844 2479 908 2556 29·
927 2479 992 2553 dle
1012 2486 1171 2554 lamas·
1239 2504 1283 2587 sit
1298 2526 1363 2594 per
1378 2527 1453 2570 eam
1469 2502 1598 2571 efficax.
1648 2495 1728 2570 Oro
1740 2515 1857 2571 autem
1873 2499 1990 2592 ipsum
2006 2498 2228 2586 Filiuchi,

594 2605 658 2654 uss.
686 2579 793 2658 1564.
810 2634 814 2642 .
887 2635 890 2642 ·
1237 2603 1434 2674 Dominum
1458 2617 1618 2673 nostrum
1633 2597 1748 2671 lesum
1763 2596 1965 2683 Christum,
1990 2615 2122 2672 utnon
2140 2605 2229 2675 sinat

110 2707 112 2712 ’
198 2682 381 2783 Usitatum
409 2698 524 2770 estin
552 2700 745 2771 testimonii
775 2699 1063 2787 renunciatione,
1089 2713 1130 2770 ut
1153 2714 1188 2771 et
1240 2707 1349 2775 deleri
1381 2705 1616 2774 ministerium
1639 2698 1843 2792 Evangelii,
1877 2704 1935 2772 sed
1961 2726 2102 2795 semper
2126 2707 2226 2774 etiam

199 2821 266 2871 nos
286 2802 420 2896 aliquid
445 2800 622 2889 dicamus,
648 2803 779 2896 quihus
796 2804 1039 2874 testimonium
1055 2801 1187 2874 tribui·
1241 2810 1279 2876 in
1302 2803 1358 2876 his
1380 2807 1585 2894 regionibus
1605 2817 1639 2874 et
1661 2804 1787 2874 vicinis
1806 2803 1949 2895 colligat
1963 2820 2147 2876 aeternam
2161 2804 2226 2877 Ec·

199 2912 269 2973 tur.
322 2902 407 2974 ldeo
429 2916 469 2973 ut
484 2904 733 2975 consuetudini
754 2900 920 2975 honestae
936 2906 1188 2996 obtemperem,
1240 2910 1404 2993 clesiam,
1429 2924 1463 2980 et
1480 2910 1650 2994 gubernet
1665 2919 1799 2976 mentes
1813 2920 1960 2976 nostras.

162 3085 167 3092 1
199 3006 315 3075 dicam
338 3009 382 3074 de
396 3003 597 3075 dulcissima
612 3007 786 3076 sententia
801 3006 1004 3078 Salomonis
1021 3007 1059 3075 in
1075 3005 1188 3098 capite
1340 3007 1436 3078 Toto
1458 3009 1563 3079 etiam
1584 3020 1726 3100 pectore
1748 3008 1878 3098 gratias
1895 3032 1960 3098 ago
1977 3005 2055 3094 Deo
2072 3025 2227 3090 aeterno,

196 3118 325 3180 octavo
343 3104 631 3182 Proverbiorum.
682 3105 752 3178 Ubi
778 3096 1106 3201 inquit‘sapientia:
1134 3103 1188 3176 Et
1241 3112 1336 3183 Patri
1360 3109 1506 3198 Domini
1528 3109 1640 3180 nostri
1662 3107 1740 3179 lesu
1756 3103 1910 3191 Christi,
1936 3111 2116 3182 conditori
2141 3112 2226 3199 coeli

193 3204 264 3307 sesi
287 3229 367 3276 cum
391 3231 431 3276 eo
451 3203 616 3306 artifex,
642 3200 775 3278 tudens
798 3207 836 3277 in
855 3205 938 3278 orbe
954 3218 1187 3293 terroescsae,
1241 3228 1275 3284 et
1303 3227 1435 3298 terrae,
1466 3209 1652 3282 hominum
1672 3224 1707 3282 et
1728 3206 1921 3297 Ecclesiae,
1950 3234 2022 3282 una
2047 3216 2131 3283 ium
2152 3215 2224 3284 filio

202 3317 235 3379 et
256 3303 511 3379 delectationes
533 3330 633 3378 meae
648 3331 726 3378 cum
735 3303 840 3400 filiis
854 3304 1057 3383 teatinam.
1110 3307 1188 3382 Etsi
1240 3339 1323 3400 suo,
1346 3313 1503 3397 Domino
1524 3327 1647 3383 nostro
1672 3310 1749 3382 lesu
1765 3307 1925 3395 Christo,
1952 3326 1986 3383 et
2000 3311 2142 3405 Spiritu
2163 3339 2225 3385 suo

202 3425 318 3481 autem
336 3411 534 3501 amplitudo
551 3405 660 3480 huius
675 3411 869 3481 sententiae
887 3436 959 3482 non
977 3427 1091 3505 potest
1107 3414 1189 3482 bre-
1234 3432 1380 3502 sancto,
1411 3417 1504 3510 quod
1528 3416 1719 3484 clementer
1738 3409 1933 3483 Ecclesiam
1954 3413 2023 3484 sibi
2047 3415 2145 3487 inter
2163 3439 2226 3487 uos

202 3511 292 3582 viter
310 3511 488 3601 enarrari,
513 3525 548 3582 et
571 3511 705 3603 prolixa
721 3514 834 3582 oratio
849 3510 933 3584 huic
949 3515 1098 3603 tempori
1115 3538 1187 3584 non
1242 3519 1393 3608 colligit,
1416 3530 1451 3588 et
1466 3512 1555 3585 mihi
1572 3539 1651 3586 cum
1667 3514 1734 3584 alia
1749 3514 1971 3591 mutabam
1987 3515 2134 3598 tribuit,
2154 3532 2225 3589 tum

204 3615 385 3702 congruit,
418 3627 536 3683 tamen
564 3613 669 3683 etiam
694 3616 811 3684 brevis
832 3618 1123 3686 commonela‘etio
1145 3619 1189 3685 cle
1242 3646 1326 3690 vero
1348 3619 1451 3688 etiam
1467 3615 1651 3706 Evangelii
1674 3615 1931 3706 coguitionem,
1954 3629 1988 3687 et
2008 3638 2066 3687 me
2090 3622 2135 3688 ad
2160 3618 2226 3688 tui·

203 3727 276 3785 tam
300 3715 396 3785 dailei
413 3714 586 3787 sententia
603 3716 770 3785 studiosis
788 3720 941 3807 prodest.
994 3714 1117 3812 Aliqui
1134 3718 1191 3786 di·
1243 3721 1378 3792 nisterii
1404 3716 1606 3809 Evangeliei
1636 3718 1836 3788 societatem
1863 3719 2022 3803 vocavit,
2055 3733 2091 3791 et
2114 3721 2226 3791 studia

151 3898 153 3903 ¹
205 3830 299 3886 etum
315 3814 518 3887 Salomonis
539 3829 675 3887 tantum
697 3821 742 3887 de
765 3832 905 3888 externa
928 3843 1015 3889 voce
1031 3820 1190 3910 promul·
1244 3849 1319 3894 anea
1340 3821 1495 3906 adiuvit,
1527 3835 1561 3891 et
1584 3816 1758 3889 oro¹eum
1777 3831 1921 3911 propter
1938 3821 2070 3907 lilium,
2105 3822 2231 3897 Domi,

141 3946 146 3965 t
206 3931 305 4007 gatae
326 3917 509 3987 doctrinae
529 3917 744 4008 intelligunt.
802 3919 949 3991 Constat
971 3920 1066 3989 enim
1088 3919 1191 4011 sato,
1243 3948 1331 3995 uum
1353 3937 1512 3993 nostrum
1535 3921 1648 3992 lesum
1664 3916 1866 4006 Christum,
1890 3932 1930 3990 ut
1953 3923 2148 3995 clementer
2169 3949 2228 4015 gu·

206 4043 349 4088 monem
380 4018 478 4112 loqui
507 4024 552 4100 de
579 4042 619 4090 ea
640 4021 832 4109 sapientia,
862 4046 953 4114 quae
975 4022 1139 4092 clamitat·
1153 4023 1191 4090 iu
1244 4028 1368 4096 bernet
1391 4037 1505 4094 totum
1521 4043 1663 4093 cursum
1677 4023 1903 4103 vitae‘meae,
1927 4039 1961 4096 et
1978 4048 2034 4094 me
2051 4026 2158 4098 faciat
2173 4051 2229 4096 or·

122 4174 124 4178 -
207 4123 328 4190 ardicis
351 4120 437 4191 locis
457 4117 610 4190 tribium.
665 4119 737 4192 Alii
756 4149 838 4189 vera»
856 4123 1133 4215 interpretantur
1148 4124 1192 4192 de
1243 4148 1373 4217 ganum
1386 4127 1538 4197 salutare
1551 4122 1749 4210 Ecclesiae,
1772 4124 1912 4195 animae
1927 4148 2026 4196 meae
2040 4142 2074 4197 et
2088 4130 2229 4222 patriae.

206 4220 385 4306 attonsi,
412 4221 495 4316 quia
517 4222 568 4292 ibi
591 4223 737 4293 dicitur:
763 4221 812 4293 Et
830 4224 880 4291 fui
903 4249 982 4294 cum
998 4249 1039 4292 eo
1055 4225 1191 4296 artilex.
1243 4228 1339 4302 Dixi.

208 4323 437 4396 Manifestum
465 4339 535 4406 est,
566 4349 645 4394 cum
676 4327 721 4392 de
745 4325 917 4414 sapientia
938 4323 1005 4396 Dei
1028 4326 1193 4396 creatrice

208 4426 364 4505 dicatur,
386 4448 460 4494 non
475 4438 611 4494 tantum
625 4427 879 4517 promulgatam
894 4452 1013 4497 vocem
1030 4426 1193 4516 intelligi,

210 4528 271 4595 sed
297 4529 413 4618 ipsum
437 4525 549 4595 lilium
573 4523 659 4609 Dei,
691 4529 752 4622 qui
774 4529 856 4623 quia
880 4530 1028 4622 protulit
1049 4554 1090 4600 ex
1111 4530 1213 4622 sinu,
1252 4493 1424 4620 Q
2005 4500 2230 4633 ¹Q

211 4628 346 4696 aeterni
371 4628 479 4717 patris
500 4652 620 4698 vocem
639 4623 842 4729 Evangelii,
867 4632 1088 4721 promulgata
1110 4656 1196 4702 voce
1315 4673 1348 4730 h
1361 4672 1492 4730 Mn„
1505 4672 1685 4728 orationibus
1698 4671 1731 4728 φ,
1745 4669 1781 4728 v·
1793 4689 1820 4744 Ρ,
1834 4674 1877 4736 ,η
1893 4671 1922 4728 3,
1936 4670 2120 4728 orationibus
2133 4683 2231 4747 Μ

212 4731 404 4819 patefactus
424 4742 493 4814 est,
519 4741 552 4797 et
572 4730 668 4800 adest
689 4732 887 4801 ministerio
912 4733 1007 4801 vocis
1023 4748 1195 4818 externae,
1349 4746 1400 4799 mi·
1418 4764 1444 4818 p.
1459 4747 1527 4816 ιη.
1539 4753 1565 4797 et
1578 4742 1651 4814 apud
1665 4741 1791 4798 nietam.
1806 4739 1841 4794 τ.
1854 4739 1889 4800 tt.
1903 4742 2004 4812 past.
2101 4780 2105 4789 .

213 4845 247 4901 et
269 4831 387 4948 perid
409 4831 607 4900 estellicax.
658 4829 717 4903 Sic
732 4830 803 4924 ipse
818 4828 934 4926 inquit
950 4834 1196 4920 interrogatos,
1249 4891 1379 4960 oratio
1602 4885 1651 4958 ω,
1791 4891 1800 4908 .
1906 4889 1934 4956 ‚t
1956 4889 2005 4959 Μ
2053 4891 2102 4959 m
2154 4895 2168 4958 e

214 4932 294 5028 quis
316 4947 377 5001 art:
408 4926 478 5024 τὴν
498 4927 618 5025 ἀρχὴν
638 4928 695 5005 ὅτι
718 4928 781 5004 καὶ
803 4938 902 5005 λαλῶ
924 4930 1028 5026 ὑμῖν.
1086 4935 1197 5006 Pror-
1385 4939 1400 4976 ³
1445 4909 1521 4982 ΨΜ
1545 4909 1600 4980 pu
1637 4909 1693 4959 ⁸⁰⁰
1722 4907 1915 4982 mmmm
2001 4907 2052 4982 ⁰9
2104 4908 2152 4958 Μ
2170 4908 2232 4958 ”⁹¹⁸

213 5057 273 5108 sus
295 5029 361 5103 hoc
379 5056 456 5102 sum
481 5037 577 5126 qarod
600 5034 728 5128 loquor
750 5037 869 5119 vobis,
895 5056 972 5106 sum
998 5026 1055 5106 hic
1078 5030 1196 5135 λόγος,
1248 4989 1665 5190 δῗὲἰαέῗὲῗωῇοωξὼ
1683 4991 1962 5180 wrm?
1994 4989 2233 5166 garsaii-⁰

98 5142 102 5149 '
214 5135 276 5231 qui
298 5136 343 5203 ab
366 5133 570 5204 initiorum
591 5131 747 5207 Ecclesia
769 5137 947 5231 loquitur,
973 5153 1007 5208 et
1026 5163 1101 5207 eam
1125 5140 1199 5209 col-

215 5237 304 5327 ligit.
348 5233 424 5304 Hic
446 5237 594 5305 delectat
615 5251 768 5328 patrem,
792 5254 825 5309 et
847 5241 938 5311 ludit
962 5240 999 5307 in
1022 5243 1108 5310 orbe
1127 5256 1199 5311 ter·
1251 5220 1422 5313 Primum
1452 5267 1515 5332 ago
1546 5245 1674 5333 gratias
1699 5243 1774 5314 Deo
1797 5245 2054 5336 omnipotenti,
2076 5265 2237 5338 „aeterno

216 5363 288 5409 rae.
340 5335 409 5409 Hic
425 5337 551 5409 liliosa
566 5352 664 5430 patre
679 5340 857 5432 diligitur,
883 5356 917 5413 et
932 5355 1030 5434 pater
1044 5343 1118 5415 eius
1131 5343 1201 5414 mi·
1252 5343 1349 5416 Patri
1373 5343 1519 5417 Domini
1541 5347 1654 5418 nostri
1675 5344 1756 5418 lesu
1771 5343 1923 5434 Christi,
1948 5348 2130 5421 'conditori
2150 5352 2235 5423 coeli

1254 4400 2030 4420 ..nomana-m·
2038 4402 2228 4420 *An-0
