4546 5760
110 190 193 273 rer
703 180 1563 281 ouansrrounsacaorurcan
1623 145 1625 151 '
2083 186 2164 265 sse

114 360 280 441 tionibus
301 361 376 433 nati
392 356 552 442 Caterri,
575 384 595 429 a
617 360 731 452 capite
752 360 791 429 in
806 382 1035 453 quascunque
1048 361 1112 431 de-
1161 361 1349 447 recundia,
1379 372 1486 454 quam
1514 359 1741 453 praecipuam
1758 382 1844 431 esse
1873 361 1912 431 in
1944 358 2151 433 lenioribus

112 464 288 537 labuntur
309 488 349 536 ac
364 464 532 543 desidunt
547 475 685 552 partes,
708 462 748 531 in
762 462 897 533 cerebri
915 461 1054 533 sinibus
1070 485 1110 532 ac
1159 476 1321 555 oportet,
1343 458 1631 533 sicutHomerus
1646 462 1783 556 inquit,
1808 457 1925 545 oldris
1939 457 1978 535 d’.
1993 456 2043 537 dd
2062 461 2150 539 νέοιο
2263 478 2266 489 “

111 566 300 661 plicaturis
328 580 425 638 extra
447 586 613 637 vasorum
635 579 771 636 meatus
794 565 1032 654 colliguntur,
1064 566 1111 637 dr
1160 565 1236 637 ἐστι
1257 560 1473 664 γεραίτερον
1497 562 1706 660 ἐξρέοοθαι,
1723 552 1914 651 moveam,
1938 590 1984 637 ne
1997 566 2036 637 in
2051 561 2152 641 lion'd

112 668 272 741 densatis
284 668 322 737 in
340 669 496 763 liquores
510 667 700 759 vaporibus
715 667 847 751 crudis,
871 667 1001 760 quibus
1014 689 1109 736 cere-
1159 668 1277 737 locum
1301 669 1496 759 prodirem:
1524 681 1641 738 tamen
1663 692 1704 736 eo
1720 667 1890 737 libentius
1905 669 2151 762 obtemperari

112 772 222 845 heum
245 770 420 845 imbuitur
443 785 478 841 et
500 771 693 862 opplentur
713 792 797 839 cava
814 769 907 839 intra
924 770 1108 838 cerebrum
1158 769 1469 863 Praeceptoribus,
1503 794 1559 839 me
1589 771 1627 839 in
1658 767 1756 840 hunc
1785 770 1901 841 locum
1926 772 2149 858 ducentibus,

113 886 150 945 et
164 873 328 945 cranium
345 873 471 965 spacia.
522 870 572 944 At
587 867 830 961 phlebotomia
846 884 881 942 et
895 870 1109 941 scarificatus
1158 873 1241 965 qnia
1263 873 1389 943 volunt
1410 897 1466 941 me
1484 896 1558 942 non
1574 896 1647 941 csse
1662 875 1819 943 ociosum
1836 886 2065 964 spectatorem
2082 868 2148 945 ho-
2242 865 2246 874 ⁸

113 989 257 1047 tanturn
289 976 391 1045 venis
413 975 577 1067 ,inclusos
603 971 770 1045 humores
791 975 963 1045 educunt:
999 968 1108 1043 Phle-
1160 975 1259 1044 noris
1280 974 1452 1045 carissimi
1473 975 1583 1067 patris
1602 976 1685 1045 mei.
1746 971 1823 1069 Ego
1847 976 1992 1068 quidem
2015 990 2051 1048 et
2073 988 2146 1047 toto

113 1077 276 1151 botomia
290 1076 436 1170 quidem
451 1098 510 1146 eos
525 1078 588 1170 qui
603 1075 837 1168 amplioribus
852 1075 975 1145 carnis:
999 1076 1109 1145 scari·
1158 1091 1298 1169 pectore
1318 1076 1447 1167 gratias
1470 1100 1533 1169 ago
1551 1075 1627 1148 Deo
1645 1091 1788 1147 aeterno
1804 1075 1903 1148 Patri
1920 1076 2067 1155 Domini
2080 1104 2149 1149 no-

114 1181 240 1252 licatus
260 1200 338 1264 eos,
365 1180 426 1274 qui
451 1180 615 1250 extremis
633 1178 784 1249 surculis
801 1179 934 1247 insunt.
988 1175 1108 1266 Quare
1158 1180 1222 1250 stri
1252 1177 1329 1249 lesu
1358 1174 1512 1265 Christi,
1551 1180 1699 1249 creatori
1733 1178 1870 1269 generis
1904 1174 2084 1263 humani,
2113 1195 2149 1253 et

113 1306 192 1357 uon
214 1282 404 1354 medentur
425 1282 644 1353 fluxionibus
656 1292 756 1359 extra
774 1304 899 1364 venas,
924 1282 985 1349 sed
1005 1294 1109 1349 nater·
1158 1295 1335 1351 aeternam
1352 1276 1546 1350 Ecclesiam
1570 1306 1653 1351 voce
1667 1278 1851 1371 Evangelii
1876 1297 2020 1374 propter
2034 1282 2146 1361 lilium

113 1406 192 1456 ram
215 1398 300 1455 ante
324 1385 599 1474 languelactam‚
631 1382 796 1471 affligunt
819 1383 971 1473 gravius.
1031 1379 1109 1451 Ab·
1158 1398 1192 1454 et
1211 1408 1366 1475 pereum
1386 1382 1585 1475 colligenti,
1610 1384 1709 1477 quod
1725 1378 2145 1455 hactenusnosclemen-

113 1497 265 1559 sumunt
286 1487 382 1557 enim
405 1509 568 1576 magnam
592 1486 780 1575 spirituum
804 1499 838 1554 et
854 1484 966 1555 nativi
981 1484 1109 1553 caloris
1158 1500 1210 1556 ter
1224 1500 1257 1555 et
1273 1486 1483 1577 gubernavit
1497 1500 1530 1555 et
1547 1487 1715 1578 protexit,
1736 1499 1771 1556 ct
1788 1500 1921 1579 patrem
1935 1480 2025 1555 milri
2041 1488 2147 1561 talem

112 1601 271 1685 partem,
295 1612 387 1683 quae
408 1588 581 1679 praesidia
602 1587 757 1677 crapulis
776 1601 878 1656 antea
898 1583 1060 1663 hebetata
1075 1601 1109 1656 et
1159 1587 1275 1672 dedit,
1300 1602 1334 1657 et
1355 1588 1429 1657 suis
1449 1588 1555 1657 donis
1577 1588 1736 1659 ornavit:
1762 1602 1795 1657 et
1817 1614 1899 1675 oro,
1916 1580 1965 1659 'ut
1982 1591 2148 1683 deinceps

113 1691 334 1776 conculcata,
358 1691 561 1785 relinquere
576 1704 734 1773 naturae,
760 1712 833 1759 non
850 1691 996 1781 cripere,
1019 1712 1108 1782 quae
1160 1705 1267 1761 totam
1281 1689 1453 1760 familiam
1471 1704 1587 1763 servet
1600 1706 1634 1762 et
1648 1682 1833 1783 gubernet.

114 1816 245 1883 augere
265 1816 308 1863 ac
328 1795 448 1863 fovere
469 1793 629 1863 subsidio
651 1792 836 1884 temperati
859 1792 1004 1873 caloris,
1034 1814 1108 1860 non
1260 1823 1390 1915 Ingens
1407 1826 1617 1896 beneficium
1632 1823 1700 1895 Dei
1718 1840 1791 1913 est,
1816 1827 1924 1917 longo
1940 1827 2067 1898 ordine
2081 1852 2149 1920 po·

114 1895 290 1988 dl⁸⁸ll¹²‘⁰
312 1909 374 1967 ³¹¹⁸
395 1895 595 2016 ‘liminum
617 1895 870 1975 ⁰⁰¹¹v⁸¹¹l⁸h³l’
896 1896 942 2013 {d
962 1894 1108 1963 mmm
1158 1940 1268 1997 steros
1293 1940 1327 1998 et
1348 1927 1468 1999 videre
1490 1926 1704 2013 Ecclesiam,
1729 1930 1964 2017 etmalorum
1990 1931 2149 2001 testimo-

115 2018 303 2071 m‘t‘lmm
319 2000 537 2117 ‘fudflalffll
548 1997 826 2116 ‘mendandfflss
852 1999 983 2089 (ΨΜ
998 2019 1109 2065 ‘'⁶¹¹³‘’
1161 2029 1219 2099 nia
1240 2030 1385 2112 audire,
1410 2044 1504 2103 ntea
1521 2031 1671 2121 posteris
1688 2033 1841 2105 tradant.
1894 2030 1994 2102 'l'alis
2010 2030 2148 2102 foelici-

114 2102 191 2171 iere
205 2095 676 2173 helluationibusdrstentae
691 2112 796 2192 atque
810 2100 952 2169 sullanae
962 2111 1110 2167 tument.
1160 2147 1212 2202 ω
1236 2132 1349 2201 maior
1369 2133 1438 2202 sui,
1461 2146 1542 2202 ame
1565 2132 1764 2219 diluvium,
1788 2137 1848 2203 sed
1871 2148 1989 2204 tamen
2014 2148 2047 2205 et
2071 2148 2149 2225 post

114 2198 166 2275 El
191 2226 396 2323 {lufflqmm
426 2203 465 2271 fil
495 2203 693 2321 inlefdum’
728 2214 768 2271 υἱ
789 2214 824 2270 el
846 2201 1109 2319 ⁶⁰⁰⁰‘bllamm
1160 2234 1335 2303 dilnvium
1361 2234 1452 2304 vidit
1475 2248 1509 2305 et
1528 2236 1666 2305 audivit
1682 2231 1864 2305 Abraham
1888 2237 2147 2327 progenitorem

114 2318 232 2377 suetro
268 2304 451 2427 collectam
490 2305 685 2423 ss⁰l¹⁰⁰im
718 2317 863 2422 ‘fawel
892 2327 932 2372 ⁸²
964 2304 1111 2393 ‘hdffll’
1160 2336 1261 2422 Sem,
1287 2360 1329 2407 ex
1351 2362 1424 2431 quo
1448 2361 1567 2409 nonus
1591 2352 1691 2421 ortus
1715 2350 1913 2421 erat‚‚cum
1937 2338 2148 2430 quidem,a
2187 2356 2190 2361 ·

116 2420 325 2527 Ρῐῦξῑθῐῑῑῐῐῑ
341 2431 372 2477 ⁸¹
387 2430 515 2497 ⁶⁰EP¹¹⁵
530 2421 577 2525 ⁸¹}
594 2430 713 2525 ¹¹¹¹¹¹J¹⁸
727 2429 928 2524 ¹¹¹¹P¹¹f¹¹¹¹¹3
952 2418 986 2475 ‘l
1003 2429 1111 2473 “¹¹⁰⁸
1160 2440 1297 2510 diluvio
1314 2443 1484 2533 usquead
1503 2440 1805 2517 circumcisionem
1821 2440 1892 2509 sint
1907 2440 1994 2509 anni
2011 2440 2152 2511 circiter

116 2522 228 2581 terno
251 2508 379 2579 allevet
401 2532 530 2600 corpus
553 2510 728 2588 iuvenile,
755 2522 958 2628 praesertim
984 2522 1110 2578 natura
1160 2542 1425 2635 quadringenti,
1475 2538 1511 2612 0
1535 2566 1661 2635 magn,
1680 2541 1871 2623 foelicius,
1897 2543 2017 2612 videre
2035 2555 2151 2612 012⁰.

116 2611 306 2682 robustum
330 2624 436 2705 atque
458 2612 649 2680 allevatum
671 2623 771 2703 parte
785 2633 904 2679 onens
917 2613 1111 2683 crudorum
1161 2644 1238 2715 dite
1261 2657 1354 2715 cem
1378 2644 1578 2715 ,alimonia
1597 2645 1834 2717 maiorumde
1849 2644 2012 2715 domina
2029 2658 2083 2715 101
2096 2668 2152 2715 η.
2224 2675 2230 2684 Α»

117 2732 323 2800 succorum,
348 2727 467 2785 tamen
482 2726 634 2806 utraque
652 2713 756 2801 longe
775 2714 854 2802 plus
870 2726 974 2783 nocet
987 2714 1111 2782 crebro
1161 2746 1261 2821 culis·
1319 2742 1399 2817 Etsi
1421 2761 1539 2817 autem
1564 2748 1603 2817 i„
1627 2742 1694 2819 hat
1714 2747 1842 2817 miger„
1864 2758 2001 2817 genem
2024 2747 2152 2817 mundi

115 2816 256 2899 iterata.
306 2810 557 2887 Phlebotomia
579 2814 642 2885 tali
665 2816 872 2886 conditione
895 2829 957 2885 aut
977 2810 1111 2909 hydro·
1163 2850 1838 2941 mmmmm10n32v1230393213‚
1874 2863 1994 2919 tamen
2015 2849 2151 2939 gaudeo

117 2940 202 3011 pern
234 2930 297 2987 aut
327 2912 515 3037 drpocpc‘ov
547 2918 728 2991 accelerat·
799 2917 1022 2989 Scarificatns
1050 2928 1113 2986 aut
1162 2975 1218 3021 me
1239 2950 1360 3022 videre
1377 2948 1520 3021 patrem
1544 2965 1579 3021 e,
1604 2952 1775 3041 collega,
1797 2951 1863 3043 qui
1886 2965 2020 3023 nomn,
2039 2945 2153 3025 histo·

116 3014 422 3140 lellmlmd
439 3020 844 3140 ¹⁰⁰‚umflffeclum’ful
862 3019 1113 3139 ffundem'ffd'
1163 3053 1252 3124 riam
1273 3042 1453 3124 Ecclesiae
1480 3048 1609 3125 horum
1633 3053 1867 3148 quadraginta
1889 3076 2085 3139 annorum,
2118 3065 2154 3124 et

117 3122 175 3203 (Μ
192 3121 389 3242 ⁰b¹¹q¹¹l¹m
411 3122 649 3241 fl¹²¹¹⁰f¹¹b¹¹⁸3
671 3135 732 3191 ³¹¹¹
751 3146 782 3191 ⁸¹
798 3117 1037 3247 ¹¹¹h¹¹,h9'}¹¹¹¹
1055 3146 1112 3190 ¹¹¹·
1164 3154 1238 3225 Deo
1262 3156 1391 3247 gratias
1406 3180 1489 3246 ago,
1515 3157 1610 3250 quod
1628 3150 1800 3243 hactenus
1816 3150 1912 3225 hunc
1926 3144 2063 3225 coetum
2079 3178 2152 3225 ser-

116 3225 207 3309 lert‚
231 3226 360 3297 adimat
379 3226 549 3294 membris
570 3248 695 3315 purius
710 3236 745 3294 et
758 3240 1028 3295 convenientius
1045 3247 1113 3292 nu·
1164 3259 1277 3343 vavi„
1303 3272 1339 3329 et
1352 3284 1415 3328 om
1458 3273 1497 3329 u,
1512 3259 1677 3351 deincep,
1691 3282 1757 3327 nos
1772 3271 1886 3327 serve,
1903 3272 1937 3327 e,
1950 3258 2135 3347 gubernet·

84 3334 98 3351 ⁸
117 3326 348 3411 retinentum,
380 3327 438 3396 cui
470 3326 626 3397 succedit
658 3327 841 3417 impurum
864 3351 905 3395 ac
930 3327 1114 3409 viciosum,
1422 3313 1433 3345 '

118 3422 402 3523 hinc'drpops'n.
452 3426 522 3499 Sed
546 3429 670 3499 desino
692 3430 812 3519 plures
834 3428 982 3498 recitare
1004 3426 1114 3497 ratio-

119 3553 204 3617 nes,
229 3544 266 3603 et
282 3532 403 3602 defero
419 3531 662 3625 quaestionem
678 3532 722 3599 ad
740 3532 974 3601 clarissimum
990 3529 1113 3601 Domi-

120 3656 211 3705 num
233 3629 427 3705 Ductorem
451 3627 640 3703 Andreom
663 3626 827 3718 Rosam,
859 3657 964 3726 quem
988 3657 1051 3703 oro
1074 3644 1114 3701 ut

119 3748 157 3806 et
180 3736 225 3805 de
246 3736 452 3829 quaestione
471 3736 564 3826 ipsa,
588 3737 681 3805 etde
698 3737 814 3806 allatis
832 3734 1051 3814 rationibus,
1075 3758 1114 3802 ac

119 3838 289 3931 pluribus
316 3838 409 3907 aliis⁴
428 3860 518 3931 quae
547 3839 586 3907 in
617 3851 751 3928 partem
775 3850 962 3931 utramque
986 3835 1113 3907 adduci

119 3953 292 4033 possunt,
311 3940 490 4032 copiosius
506 3964 573 4010 nos
585 3942 741 4009 edoceat.

1267 3391 1359 3465 Cum
1382 3408 1498 3463 autern
1522 3394 1741 3462 consuetudo
1764 3392 1808 3462 rit
1828 3415 2025 3483 proponere
2040 3390 2154 3486 quae·

1165 3497 1315 3566 stionem
1347 3497 1386 3564 in
1419 3491 1475 3566 lais
1506 3494 1771 3585 congressibus,
1804 3491 1900 3564 haud
1930 3494 2041 3563 dubie
2063 3489 2154 3564 hanc

1167 3599 1278 3690 ipsam
1302 3600 1349 3669 ob
1374 3622 1514 3669 causam
1541 3597 1720 3680 instituta,
1751 3609 1792 3667 ut
1814 3619 1881 3667 nos
1906 3593 2068 3667 iuniores
2088 3596 2156 3667 do·

1166 3702 1300 3771 ctrinae
1324 3724 1520 3785 summam,
1543 3724 1633 3793 quae
1653 3700 1758 3773 certis
1775 3698 1987 3769 testimoniis
2005 3721 2024 3767 a
2042 3698 2156 3768 maio·

1168 3803 1267 3874 ribus
1283 3803 1454 3886 traditur,
1480 3802 1683 3873 meminisse
1696 3804 1917 3885 studeamus,
1943 3823 2105 3893 propono
2122 3814 2157 3871 et

1168 3930 1234 3996 ego
1258 3903 1479 3977 Reverendis
1502 3905 1588 3973 viris
1608 3901 1755 3974 Doctori
1773 3898 1938 3973 Erasmo
1962 3916 1997 3971 et
2012 3901 2156 3974 Ductori

1170 4001 1342 4078 Iohanni
1362 4004 1425 4078 has
1447 4008 1690 4101 quaestiones,
1714 4006 1838 4094 dignas
1862 4003 2156 4076 consideratione.

961 4178 1111 4191 „m
1170 4110 1333 4200 Quarum
1365 4112 1464 4205 prior
1492 4124 1560 4181 est:
1608 4100 1688 4181 Cur
1703 4101 1817 4201 filius
1845 4102 1926 4177 Do·
1952 4102 2159 4175 nominetur

1169 4208 1302 4315 ldyoc?

130 4342 203 4416 No.
216 4339 278 4413 74.
947 4374 996 4415 aa.
1013 4351 1107 4416 lass.
1269 4330 1406 4405 Usitata
1429 4331 1607 4402 enarratio
1624 4345 1695 4415 est,
1720 4343 1858 4424 quae'et
1872 4329 1966 4420 apud
1983 4325 2155 4397 Basilium

119 4436 295 4467 Μ
944 4438 1112 4469 Μ
1169 4450 1284 4519 extat,
1318 4437 1400 4529 quia
1429 4434 1640 4527 cogitatione
1661 4433 1838 4517 nascitur,
1870 4455 1950 4501 curn
1973 4431 2019 4500 sit
2040 4429 2154 4520 imago

193 4558 226 4613 ιι
247 4556 466 4615 oneramur.
479 4560 510 4612 v.
531 4576 558 4628 p.
574 4558 630 4617 ns.
666 4559 794 4615 areuna.
808 4558 842 4615 r.
855 4560 901 4617 nr.
923 4580 949 4632 ρ.
962 4562 1022 4615 sor.
1042 4571 1069 4613 n
1089 4562 1118 4613 a
1170 4537 1304 4609 aeterni
1320 4538 1447 4609 Patris.

150 4678 154 4685 '
225 4626 407 4769 233⁰le
427 4628 572 4699 ponunt,
587 4649 612 4698 ν’
627 4629 685 4686 ¹⁸⁵'
722 4623 831 4683 Μὴ
848 4630 921 4684 M‘d'
937 4632 1019 4687 σθω·
1034 4630 1065 4686 Ρ·
1082 4630 1119 4684 ¹¹⁴
1272 4651 1395 4726 Altera
1424 4654 1601 4725 enarratio
1625 4666 1678 4724 est
1696 4649 1909 4723 Nazianzeni
1933 4664 1968 4719 et
1993 4650 2157 4731 aliorum,

1170 4761 1253 4855 quia
1275 4759 1322 4829 sit
1348 4782 1496 4851 persona
1521 4757 1725 4828 immediate
1747 4754 1933 4848 alloquens
1955 4750 2095 4830 Patres,
2122 4764 2157 4819 et

123 4882 303 4967 (laertio
329 4882 495 4950 recitato
518 4901 542 4949 a
567 4881 683 4950 Paul
692 4902 712 4950 ο
739 4878 900 4969 Ebora,
933 4883 984 4953 D,
1008 4882 1121 4951 paup·
1171 4864 1270 4933 omni
1301 4875 1460 4953 tempore
1489 4862 1529 4930 in
1557 4856 1718 4931 Ecclesia
1751 4881 1893 4928 servans
1920 4850 2157 4923 ministerium

148 5012 153 5021 ¹
221 4974 324 5077 illios
350 5002 469 5075 quare
490 4976 593 5078 filius
613 4984 691 5054 Dea·
715 4981 870 5055 dicatur
893 4977 1024 5082 26703?
1171 4962 1379 5053 Evangelii,
1402 4976 1438 5033 et
1459 4964 1579 5032 efficax
1597 4986 1681 5033 voce
1698 4958 1903 5049 Evangelii,
1928 4956 2020 5027 sicut
2035 4966 2069 5025 et
2084 4954 2158 5045 ipse

290 5084 293 5089 ’
1171 5068 1274 5138 dicit:
1300 5062 1370 5159 τὴν
1399 5060 1520 5159 ἀρχὴν
1546 5060 1603 5135 ότι
1628 5058 1692 5136 καὶ
1716 5064 1817 5133 λαλῶ
1833 5055 1936 5153 ὑμῖν.
1990 5052 2037 5129 Et
2057 5052 2158 5127 Esai:

122 5144 225 5243 (lum
255 5164 371 5237 imbus
398 5184 510 5235 essem
540 5161 607 5236 hoc
637 5167 715 5239 loco
745 5169 881 5262 aliquid
908 5196 1121 5266 proponere,
1171 5169 1464 5265 quinquagesimo
1484 5167 1660 5236 secundo:
1683 5160 1761 5254 Ego
1783 5162 1856 5256 ipse
1872 5160 1934 5255 qui
1952 5162 2079 5253 loquor
2097 5165 2189 5230 ad-'

124 5266 193 5337 etsi
213 5288 292 5337 mea
313 5280 408 5361 setes
424 5270 586 5339 nondum
604 5270 732 5339 idonea
748 5286 802 5341 est
814 5277 858 5343 ad
874 5275 1065 5347 dicendum
1081 5276 1121 5347 in
1171 5288 1284 5355 sunt:
1314 5270 1363 5343 Et
1375 5268 1579 5341 dulcissime
1591 5268 1710 5359 inquit
1723 5266 1906 5339 lrenaeus:
1934 5262 2083 5355 Semper
2097 5264 2160 5333 ad-

124 5369 437 5463 lllluifffllfltntia
452 5390 577 5441 senum
595 5386 631 5441 et
647 5373 888 5460 eruditorum,
914 5402 1042 5473 meque
1059 5402 1122 5451 ve·
1170 5378 1240 5455 fuit
1256 5372 1435 5449 Ecclesiae
1451 5363 1570 5469 λόγος.
1719 5446 1724 5453 ,
1801 5438 1827 5453 ,,
1858 5389 1864 5399 ·
1946 5436 1951 5447 ,
2004 5390 2035 5451 ςζ

176 5474 357 5541 disserere.
376 5478 481 5541 Orsa.
492 5476 579 5543 ·Voc.
595 5477 642 5545 X.
793 5542 796 5547 ,
1640 5466 1690 5545 56
2066 5468 2072 5477 ’

1538 5672 1634 5698 ᾧ
