4546 5760
100 160 196 239 aa
479 151 736 237 sartura
763 151 848 231 su.
872 150 1065 229 vmau
1095 148 1172 229 ur
1205 148 1795 239 onrruuuncauru.
2064 172 2142 247 πο
2212 214 2215 219 «

104 324 718 425 paneadensium-imbecillitate
740 323 992 419 impediretur,
1017 322 1102 396 lite-
1149 321 1271 418 itaque
1295 302 1964 407 tenebaturssimonnmricirsitudiue
1985 351 2021 410 et
2037 344 2139 435 quasi

106 456 167 505 m
187 432 237 505 sd
250 428 388 523 Regem
405 430 521 524 prima
540 428 932 501 occasione'missurum
946 428 1100 510 dicebat,
1146 436 1229 517 post
1253 426 1469 523 mustione-
1489 430 1642 521 quadam
1668 430 1930 526 colloquiorum
1964 444 2140 531 suavium,

108 532 336 633 spsilmseius
346 532 529 607 serenitati
542 532 675 625 gratias
691 542 782 603 esset
794 544 936 603 acturus
952 553 1020 623 pro
1033 530 1101 601 be·
1148 522 1334 623 (qualibus
1346 529 1393 599 ab
1408 530 1597 615 omnibus,
1624 532 1687 625 qui
1704 548 1780 607 turo
1797 538 1948 612 aderant
1970 547 2138 617 studeba-

107 636 526 731 nignirsimrroluntate
550 650 585 707 et
607 632 849 705 munificentia
872 640 954 724 erga
980 632 1099 725 ipsum
1148 642 1227 715 tur,
1252 643 1293 702 ut
1316 626 1566 705 exhilarationi
1590 633 1701 725 ipsius
1725 630 1794 707 hoc
1812 642 1922 711 modo
1944 643 2137 717 inservire-

107 764 191 823 m,
212 753 250 812 et
265 762 331 833 pro
351 739 464 811 salute
484 740 594 829 regis,
619 751 654 808 et
675 738 776 825 regni
799 736 897 807 illins
916 749 1000 807 vota
1021 748 1098 806 turo
1148 728 1226 829 tur)
1240 746 1282 803 ut
1296 735 1411 803 multo
1427 733 1563 806 diutius
1578 749 1658 827 post
1672 761 1819 811 coenam
1834 744 2015 829 assideret,
2028 773 2135 841 quam

107 852 283 937 et'preces
296 842 468 921 addebat,
494 839 661 936 qualibus
675 839 715 908 iu
730 835 798 909 hoc
815 861 943 930 genere
961 836 1017 909 uti
1038 858 1098 907 so-
1147 835 1263 905 faeere
1281 834 1410 907 soleret
1426 851 1520 907 recte
1544 839 1686 925 valeus,
1713 856 1748 911 et
1773 844 1933 915 cubitum
1955 848 2022 918 iret
2049 846 2136 922 hora

106 946 221 1021 lebat..
276 944 420 1015 Allatae
441 968 482 1014 ea
502 944 560 1015 die
583 936 655 1013 hue
679 955 763 1012 stant
787 937 927 1012 chartae
959 940 1098 1034 aliquot
1147 936 1259 1007 ferme
1291 950 1433 1024 octava,
1469 942 1565 1032 quod
1598 955 1672 1012 erat
1704 943 1737 1011 ei
1769 945 1979 1020 inusitatum
2010 952 2137 1027 facere.

104 1046 240 1139 scripti
261 1046 447 1117 cuiusdam
475 1049 569 1140 quod
585 1037 796 1141 Staphylus
809 1057 933 1114 contra
956 1039 1098 1134 Philip·
1146 1036 1244 1109 Haec
1265 1054 1318 1111 est
1340 1040 1466 1112 ultima
1490 1065 1599 1112 coena
1622 1046 1668 1113 ad
1691 1070 1798 1139 quam
1819 1048 1859 1117 iu
1873 1051 1981 1122 domo
2004 1077 2066 1123 sua
2093 1078 2136 1123 er

106 1174 194 1245 pum
213 1149 284 1220 sub
305 1149 406 1240 prelo
434 1160 511 1219 tum
533 1143 651 1217 adhuc
677 1142 849 1230 habebat,
891 1144 1004 1218 editae
1024 1144 1097 1214 liu·
1148 1166 1290 1211 musaeo
1315 1144 1517 1230 descendit,
1540 1168 1624 1215 nam
1647 1149 1735 1240 quid
1745 1142 1792 1241 ¹⁹)
1813 1154 2043 1244 sequentibus
2057 1158 2135 1225 die-

105 1276 175 1345 gua
199 1250 424 1343 germanica,
476 1249 517 1321 ld
540 1251 644 1344 quale
669 1249 716 1320 sit
740 1250 887 1319 lectores
913 1248 1097 1333 videbunt,
1147 1244 1215 1314 hus
1229 1245 1361 1315 factum
1380 1245 1425 1315 sit
1439 1247 1605 1339 deinceps
1625 1251 1814 1338 referetur,
1839 1251 1918 1324 Nox
1939 1270 2057 1327 autem
2079 1282 2135 1328 se-

106 1370 140 1427 et
158 1352 389 1427 iudicabunt.
444 1348 672 1423 Allerebatur
702 1364 737 1420 et
758 1351 857 1419 aliud
879 1352 1000 1419 eadem
1026 1349 1096 1434 die,
1147 1370 1260 1440 quens
1274 1370 1401 1438 prosus
1417 1348 1536 1441 quieta
1559 1365 1594 1421 et
1610 1354 1727 1421 somni
1744 1355 1828 1425 satis
1844 1380 1961 1451 neque
1974 1359 2134 1430 somnio-

105 1458 148 1527 de
171 1454 337 1528 consiliis
360 1457 586 1549 quorundam
610 1455 789 1546 quomodo
813 1452 852 1520 in
866 1450 1013 1546 Synodo
1037 1476 1096 1521 so-
1146 1474 1228 1519 rum
1250 1474 1373 1541 expers
1396 1451 1485 1535 fuit,
1518 1445 1651 1523 Oblata
1677 1454 1773 1523 euim
1794 1458 1845 1543 ei,
1865 1474 1905 1529 ut
1922 1460 1997 1553 ipse
2013 1477 2135 1552 postea

106 1558 268 1631 lenniter
285 1558 451 1628 damnari
474 1570 618 1649 possent
640 1555 686 1639 ii,
711 1556 773 1648 qui
791 1550 959 1625 hactenus
977 1556 1096 1624 minus
1147 1553 1338 1634 referebat,
1371 1553 1567 1622 insomnis
1599 1548 1686 1624 haec
1709 1554 1814 1627 Pauli
1849 1563 2023 1633 sententia
2048 1565 2133 1635 fuit:

106 1658 307 1732 solenniter
322 1659 549 1730 condemnati
563 1657 744 1751 aliquibus
759 1656 985 1737 viderentur,
999 1658 1095 1750 quod
1147 1650 1186 1723 si
1200 1651 1297 1724 Deus
1313 1679 1381 1745 pro
1397 1656 1521 1741 nobis,
1544 1657 1624 1748 quis
1639 1674 1761 1729 contra
1778 1684 1855 1734 uos.

107 1762 215 1859 quale
231 1762 279 1833 sit
291 1761 398 1832 etiam
415 1762 531 1853 ipsum
547 1762 586 1830 in
600 1760 719 1829 medio
741 1758 978 1853 relinquimus
1000 1759 1096 1828 iudi·
1249 1754 1360 1826 blane
1375 1757 1509 1827 decima
1526 1760 1652 1851 quinta
1666 1758 1841 1831 Calendas
1849 1762 1957 1850 Maii,
1982 1783 2134 1859 quaeest

107 1888 187 1937 care
209 1862 433 1933 volentibus:
460 1858 605 1962 οὐγὰρ
631 1860 788 1956 ἐροῦμεν
807 1864 939 1941 κακῶς.
993 1858 1095 1949 Quae
1147 1850 1284 1947 Aprilis
1303 1860 1379 1929 dies
1408 1858 1544 1929 decima
1571 1862 1739 1951 septima,
1772 1860 1971 1936 loachimus
1993 1884 2136 1958 paratus

107 1966 241 2059 scripta
263 1990 283 2035 a
305 1965 411 2035 bonis
435 1978 470 2036 et
490 1965 691 2034 amantibus
713 1962 844 2055 Reipu.
867 1964 1094 2034 cumdolore
1147 1960 1193 2027 ad
1216 1960 1284 2031 iter
1302 1984 1414 2055 usque
1438 1963 1481 2031 ad
1507 1957 1633 2033 horam
1657 1965 1769 2035 ferme
1792 1968 2004 2040 matutinam
2025 1973 2136 2062 septi-

107 2062 336 2163 legebantur,
368 2092 447 2137 cum
471 2081 505 2137 ct
527 2068 613 2161 quid
632 2079 797 2155 ageretur
817 2089 892 2135 non
915 2079 1004 2136 esset
1030 2066 1095 2133 ob·
1146 2084 1240 2130 mam
1256 2087 1338 2132 curn
1355 2087 1397 2133 eo
1415 2064 1612 2136 collocutus
1628 2080 1697 2150 est,
1723 2092 1796 2160 quo
1813 2081 1973 2161 tempore
1988 2068 2033 2143 D.
2047 2070 2135 2144 Phi-

105 2194 272 2255 scurum‚
297 2183 332 2240 et
347 2170 450 2239 valde
465 2167 611 2261 insuper
624 2167 844 2249 miserabile,
858 2167 921 2237 tali
937 2181 1095 2259 tempore
1146 2162 1263 2253 lippus
1291 2162 1520 2236 Borussiacas
1548 2167 1667 2238 literas
1689 2168 1844 2260 primum
1877 2197 2030 2265 quarum
2064 2178 2136 2246 iam

103 2254 288 2345 Ecclesiae
302 2284 336 2342 et
351 2268 457 2363 Reip.
474 2272 556 2341 talia
574 2270 701 2361 scripta
716 2269 865 2339 volitare
888 2282 1010 2339 ettam
1034 2291 1094 2359 pe·
1146 2286 1248 2354 saepe
1262 2267 1397 2336 mentio
1413 2269 1503 2336 facta
1518 2282 1588 2353 est,
1613 2293 1693 2338 cum
1710 2272 1912 2344 attexuisset
1933 2288 2010 2346 tum
2029 2279 2135 2348 etiam

104 2374 263 2447 riculose
281 2386 483 2463 aegrotante
512 2374 590 2442 viro
612 2371 768 2462 optimo,
803 2372 917 2462 deque
936 2366 1095 2439 Ecclesia
1147 2365 1304 2459 aliquid,
1337 2368 1566 2459 obsignabat,
1598 2372 1755 2465 itemque
1777 2375 1820 2441 ad
1847 2376 1979 2445 amicos
2001 2379 2039 2447 in
2065 2380 2136 2451 illis

104 2498 139 2549 et
160 2476 271 2547 rebus
295 2476 544 2546 communibus
567 2476 615 2545 ita
643 2474 789 2558 merito,
822 2472 906 2543 talia
940 2472 1094 2542 lamenta
1146 2467 1233 2537 locis
1249 2470 1421 2564 quosdam
1437 2472 1589 2543 addebat
1612 2472 1718 2557 alias,
1745 2475 1876 2564 quibus
1894 2479 2014 2569 plures
2037 2483 2136 2551 vole-

106 2580 206 2663 lieri,
230 2590 268 2649 et
281 2576 392 2647 funus
407 2577 476 2647 iam
493 2601 585 2669 pene
604 2571 712 2646 huius
733 2569 1014 2645 aChristianum
1029 2598 1097 2643 no·
1146 2570 1208 2641 bat
1231 2574 1377 2656 addere,
1403 2574 1465 2642 sed
1490 2573 1561 2641 sibi
1582 2597 1727 2665 parcere
1749 2575 1951 2655 iubebatur.
2003 2580 2136 2653 luseri-

107 2704 191 2751 men
217 2678 468 2772 profitentibus
490 2679 540 2748 ita
566 2674 802 2748 cohonestari.
859 2673 955 2746 Haec
987 2675 1097 2766 igitur
1146 2673 1253 2745 behet
1277 2686 1394 2745 menen
1420 2674 1564 2746 libellos
1590 2672 1708 2747 adhuc
1730 2677 1868 2771 aliquot
1900 2681 2041 2764 amicis,
2073 2687 2136 2779 qui

105 2795 331 2875 praesentem
363 2782 524 2851 dolorem
557 2793 592 2849 et
623 2778 886 2850 solicitudinem
918 2779 1096 2849 bonorum
1146 2776 1270 2845 eodem
1292 2778 1553 2866 perferrentur,
1580 2792 1614 2847 et
1640 2780 1685 2850 ad
1711 2777 1850 2851 Ducem
1873 2783 1980 2855 etiam
2001 2784 2136 2857 Borus-

106 2884 179 2957 iam
205 2907 283 2955 non
304 2883 529 2953 mediocriter
549 2883 742 2973 augebant,
768 2894 803 2951 et
825 2880 910 2974 quid
935 2882 980 2950 de
999 2905 1098 2950 mor-
1146 2877 1216 2947 siae
1237 2880 1409 2972 quosdam
1434 2882 1662 2969 perferendos
1682 2883 1802 2953 dabat.
1862 2881 1986 2979 ltaque
2008 2890 2136 2959 defati-

106 2999 171 3059 tuo
196 2997 289 3057 esset
308 2984 470 3055 futurum
493 3008 534 3054 ex
555 2980 611 3053 his
635 2985 811 3053 coniicere
832 2983 972 3054 licebat.
1023 2980 1096 3053 Sed
1145 2992 1264 3069 gatus,
1291 2984 1389 3075 quod
1412 2984 1523 3075 λῆψις
1545 2983 1682 3053 febrilis
1708 3008 1785 3053 nou
1807 2986 1912 3075 louge
1935 2987 2073 3060 abesset
2094 2992 2135 3060 iu

104 3104 146 3161 ut
157 3088 209 3159 ad
222 3086 428 3159 institutum
443 3089 647 3170 redeamus,
672 3087 721 3157 ita
738 3085 803 3155 illo
819 3109 945 3155 somno
967 3084 1097 3153 confir·
1145 3083 1317 3153 lectulum
1338 3083 1526 3168 decubuit,
1560 3082 1611 3153 ibi
1634 3098 1712 3156 tum
1737 3081 1943 3157 loachimus
1961 3090 2136 3162 discessu-

106 3204 226 3263 ruatus
243 3189 332 3273 fuit,
355 3202 396 3260 ut
411 3191 455 3258 ad
470 3212 596 3280 operas
611 3188 845 3279 scriptionum
869 3209 1012 3256 suarum
1039 3210 1095 3255 re·
1145 3208 1205 3255 rus
1235 3208 1441 3278 supremum
1472 3210 1555 3258 eum
1589 3187 1744 3257 salutare
1778 3201 1813 3257 et
1847 3190 1967 3261 valere
1999 3192 2136 3277 iubere,

105 3294 219 3377 diret,
245 3305 281 3363 et
294 3291 415 3362 literas
430 3287 656 3361 Borus'siacas
671 3288 885 3371 absolveret,
911 3301 945 3357 et
960 3287 999 3355 in
1017 3311 1096 3357 mu·
1144 3283 1292 3379 Deoque
1325 3290 1575 3359 commendare
1600 3302 1666 3362 etc.
1722 3286 1791 3359 Cui
1826 3286 2021 3383 Philippus¹
2050 3321 2136 3365 voce

105 3418 187 3467 saco
210 3406 247 3464 et
272 3394 380 3464 domo
405 3394 455 3465 ita
477 3394 744 3474 obversaretur,
767 3389 887 3482 itaque
909 3388 1037 3458 faceret
1061 3402 1097 3459 et
1144 3412 1234 3479 pene
1248 3390 1367 3459 febrili
1385 3394 1598 3483 respondere
1620 3386 1677 3461 his
1692 3391 1828 3460 verbis:
1856 3390 1952 3465 lesus
1970 3392 2135 3469 Christus

105 3500 241 3591 diecret
265 3496 406 3578 omnia,
440 3510 481 3566 ut
505 3518 687 3588 uunquam
711 3504 792 3561 ante
820 3492 859 3560 in
881 3490 945 3559 illo
968 3491 1095 3559 morbo
1144 3490 1239 3559 lilius
1253 3488 1321 3561 Dei
1344 3494 1470 3562 sedens
1489 3495 1534 3561 ad
1554 3495 1713 3564 dextram
1732 3490 1848 3563 Patris
1872 3510 1905 3565 et
1927 3498 2134 3569 dsuszdoua

105 3598 262 3671 alacrior
285 3597 392 3667 fuisse
418 3596 610 3667 videretur.
662 3592 705 3663 ln
738 3616 846 3664 coena
880 3607 1017 3677 autem,
1049 3594 1094 3662 ad
1144 3587 1368 3678 hominibus,
1394 3610 1578 3666 conservet
1601 3607 1635 3664 te
1658 3607 1693 3663 et
1713 3609 1810 3680 tuos,
1843 3610 1879 3667 et
1900 3622 1965 3668 nos
1987 3601 2135 3670 univer-

104 3714 215 3797 q'nasn
231 3694 321 3769 hora
338 3698 463 3794 quinta
472 3697 707 3769 descendebat
723 3691 928 3765 hilariorem
943 3717 979 3762 se
992 3717 1095 3786 prae·
1144 3716 1220 3781 sos,
1244 3708 1279 3765 et
1294 3697 1400 3767 simul
1416 3698 1604 3786 coniugem
1628 3690 1734 3766 huius
1758 3695 1831 3767 suis
1848 3700 1964 3770 verbis
1986 3702 2134 3773 salutari

105 3804 216 3875 bebat
237 3826 344 3897 quam
365 3802 429 3872 illo
452 3799 599 3871 omnino
623 3812 780 3891 tempore
796 3798 907 3890 ipsius
922 3796 1094 3887 expectari
1143 3799 1345 3869 mandabat.
1402 3796 1500 3869 Haec
1522 3800 1592 3871 fuit
1615 3798 1742 3871 ultima
1778 3801 2013 3873 consalutatio
2041 3805 2135 3875 inter

103 3917 266 3999 poterat,
306 3898 511 3996 Omniaque
535 3903 573 3971 in
597 3903 673 3992 ipso
697 3900 872 3969 eiusmodi
895 3897 1095 3979 videri,·ut
1144 3892 1210 3968 hos
1226 3894 1294 3992 ²⁰),
1326 3902 1442 3973 nostri
1473 3900 1643 3995 temporis
1677 3901 1800 3970 nobile
1832 3924 1898 3992 par
1927 3904 2135 3990 amicorum,

104 4020 139 4081 et
153 4030 236 4101 spes
251 4006 346 4077 bona
370 4004 657 4084 confirmaretur,
683 4017 717 4073 et
734 3996 953 4072 loachimum
969 3998 1094 4071 Came-
1143 4005 1371 4095 nequeenim
1388 3998 1534 4095 posthac
1549 4004 1639 4076 vidit
1653 4027 1748 4074 uuus
1763 4002 1934 4090 alterurn,
1950 4020 2056 4100 atque
2071 4008 2132 4078 ille

104 4107 244 4181 rarlum
257 4109 359 4179 cuius
376 4106 592 4199 praesentiae
614 4106 720 4175 etiam
737 4104 912 4175 nonnulla
935 4102 1014 4171 dari
1037 4102 1094 4173 iu·
1144 4103 1289 4194 quidem
1316 4100 1415 4175 huuc
1447 4130 1493 4177 ne
1524 4118 1706 4177 mortuum
1733 4103 1898 4198 quidem,
1927 4120 1969 4178 ut
1997 4109 2133 4180 videret

104 4212 338 4291 dicabantur,
360 4222 616 4280 commoratum
639 4230 711 4277 esse
728 4206 915 4278 nobiscum
941 4206 1093 4275 laetare·
1143 4205 1318 4277 sustinere
1334 4210 1452 4298 potuit
1468 4212 1513 4279 de
1533 4233 1605 4303 quo
1629 4208 1723 4277 infra
1737 4221 1982 4297 cognoscetur.
2036 4209 2132 4279 Tum

104 4336 199 4387 mur.
252 4308 436 4383 Insidebat
459 4311 497 4379 in
522 4334 630 4379 coena
656 4312 700 4379 de
717 4309 930 4402 quibusdam
949 4308 1094 4393 mentio,
1143 4306 1253 4396 igitur
1275 4312 1468 4382 adductum
1493 4325 1574 4384 ante
1597 4312 1700 4381 aedes
1727 4304 1974 4380 Melanthonis
2000 4334 2131 4402 equum

104 4414 169 4511 qui
184 4414 265 4509 piae
277 4408 516 4484 Ecclesiamm
534 4410 777 4482 coniunctioni
800 4411 951 4479 maxime
973 4408 1093 4482 obsta·
1142 4412 1346 4483 conscendit
1370 4436 1480 4506 eaque
1502 4414 1561 4484 die
1582 4411 1751 4508 Lypsiam
1777 4414 1820 4481 ad
1849 4434 1933 4481 suos
1960 4411 2134 4482 foeliciter

104 4530 208 4604 rent,
241 4528 275 4585 et
297 4514 545 4586 distractiones
578 4529 684 4607 atque
718 4512 947 4583 dissidiorum
972 4535 1093 4583 causas
1142 4535 1303 4584 reversus
1327 4515 1406 4588 fuit.
1466 4512 1518 4587 lta
1542 4528 1659 4587 autern
1685 4514 1862 4597 discessit,
1896 4526 1935 4582 ut
1960 4517 2134 4606 expeditis

103 4620 144 4691 in
169 4614 239 4691 has
263 4618 464 4689 attulissent
495 4631 601 4711 atque
628 4616 801 4685 inferrent
835 4612 1023 4699 hactenus,
1040 4600 1092 4686 'et
1142 4614 1249 4685 rebus
1263 4615 1335 4686 suis
1350 4642 1457 4712 quam
1474 4619 1630 4711 primum
1647 4614 1717 4689 huc
1739 4614 1869 4684 reverti
1886 4614 2074 4705 cogitaret,
2096 4634 2131 4687 et

102 4714 475 4793 bisadbucuseriora
493 4720 654 4811 quotidie
669 4718 891 4791 molirentur.
926 4712 985 4787 Ad
999 4710 1091 4787 hanc
1143 4718 1321 4809 opperiri,
1354 4720 1442 4813 quid
1466 4724 1510 4791 de
1534 4713 1696 4811 Philippi
1728 4716 1933 4786 valetudine
1965 4718 2128 4790 lutrarum

101 4822 324 4895 mentionem
354 4819 399 4895 D.
419 4816 608 4915 Philippus
631 4824 750 4890 animo
772 4817 1024 4898 commotiore,
1057 4833 1090 4889 et
1143 4833 1242 4890 esset.
1294 4816 1518 4917 Coeperat²')
1535 4822 1696 4913 pridiana
1713 4817 1772 4888 die
1787 4814 1855 4888 hoc
1869 4841 1982 4908 agere,
2007 4836 2048 4893 ut
2065 4845 2130 4912 per

100 4948 192 4998 voce
214 4924 321 4995 etiam
345 4924 584 5009 contentiose,
616 4935 699 4994 sunt
720 4923 774 4992 illi
796 4922 914 5017 inquit
936 4944 1089 5015 nequam
1144 4921 1263 4993 literas
1283 4926 1328 4994 ad
1352 4947 1434 4994 suos
1458 4927 1599 5009 missas,
1625 4945 1712 5016 quas
1729 4921 1799 4991 iarn
1816 4923 2071 5013 conscripserat
2095 4937 2128 4992 et

100 5024 288 5112 homines,
320 5040 354 5099 et
379 5042 527 5118 pergunt
548 5048 621 5096 esse
644 5027 746 5111 tales,
772 5037 806 5096 et
828 5046 901 5095 esse
920 5046 981 5094 eos
1002 5022 1089 5094 tales
1146 5088 1353 5105 .....-..-

101 5130 202 5203 neus
215 5130 379 5200 ostendet
392 5142 497 5223 atque
512 5128 721 5213 declarabit,
737 5150 818 5197 cum
833 5127 872 5196 in
889 5139 962 5198 tota
978 5148 1088 5196 coena
1174 5177 1221 5247 19)
1238 5175 1290 5230 Ed.
1305 5176 1328 5231 ¹·
1346 5170 1419 5227 sadis
1437 5188 1491 5240 m,
1509 5170 1583 5241 quoa
1599 5168 1692 5223 deteri.

100 5233 164 5303 illa
187 5227 283 5302 nihil
306 5231 450 5302 dixisset
477 5234 521 5300 de
544 5230 696 5324 puhlicis
726 5244 786 5300 aut
809 5229 956 5321 privatis
980 5229 1087 5298 rebus
1169 5266 1217 5332 20)
1236 5259 1505 5327 7,„]Ed‚1‚1„„,

99 5334 250 5408 tristius.
310 5330 428 5428 Atque
452 5332 500 5404 ita
528 5349 604 5405 tum
637 5329 786 5403 hilarem
819 5356 856 5403 se
884 5331 1087 5423 praebebat,
1169 5352 1215 5419 ιι)
1235 5346 1368 5404 videlieet
1383 5343 1563 5490 cqqeparius.
