4546 5760
113 159 193 240 m
704 140 1127 246 ootusrtotttts
1159 150 1565 243 actuuutcts
2080 167 2163 245 m

115 349 212 411 tetur
226 329 402 417 adivina,
424 341 466 402 ut
480 327 511 400 si
527 327 573 401 ab
588 350 629 398 ea
644 316 883 411 desereretur,
908 351 1055 421 prorsus
1068 328 1107 399 in
1160 331 1229 420 bo,
1254 347 1289 407 et
1308 334 1448 406 avobis
1464 349 1670 407 reverenter
1688 350 1723 407 et
1738 351 1900 411 amanter
1912 352 2020 432 peto,
2046 354 2089 413 ut
2102 366 2159 416 me

114 435 273 512 nibilum
308 432 540 525 redigeretur.
606 426 692 500 Ideo
728 426 969 503 Damascenus
1001 432 1108 504 dixit:
1161 458 1235 506 nou
1253 437 1424 529 gravatim
1442 438 1606 524 audiatis,
1633 441 1839 532 praesertim
1855 467 1937 513 cum
1953 442 2158 516 dulcissima

113 532 278 613 'Verbum
309 538 406 632 quod
440 533 548 605 semel
580 532 788 627 assumpsit,
828 558 904 604 non
935 534 1111 630 relinquit
1160 538 1208 610 sit
1220 539 1458 610 consideratio
1474 534 1583 611 huius
1595 543 1831 636 quaestionis,
1857 568 1966 639 quam
1983 570 2158 640 propono.

117 667 364 816 unqufldbae
379 727 582 832 ¹praesentia
605 737 767 832 loquitur
791 738 924 811 Paulus
947 764 1027 812 cum
1051 740 1110 810 in·

117 850 214 947 quit:
242 845 285 915 ln
304 845 382 934 ipso
401 838 539 912 habitat
557 841 742 932 plenitudo
765 842 963 914 divinitatis
980 853 1110 936 σωμα-

118 957 245 1036 τικῶς,
272 944 341 1016 hoc
362 958 431 1026 est,
455 950 589 1013 unione
612 945 840 1032 inseparabili
865 960 899 1017 et
920 947 1109 1038 personali,

121 1080 194 1125 uon
211 1067 249 1123 ut
266 1049 482 1140 guberuator
499 1047 537 1115 in
552 1047 635 1114 navi
649 1048 747 1116 adest
761 1047 889 1139 operis.

223 1152 381 1242 Quartus
412 1150 539 1219 modus
563 1161 615 1217 est
635 1150 849 1236 praesentia,
883 1172 953 1244 qua
978 1150 1110 1220 dieitur

118 1259 215 1331 Deus
237 1252 399 1323 habitare
419 1251 458 1318 in
479 1249 609 1320 sanetis
632 1250 670 1318 in
688 1245 750 1320 hac
768 1252 859 1335 vita,
884 1277 965 1321 cum
982 1253 1110 1322 videli-

70 1352 72 1357 ’
117 1376 172 1434 cet
188 1358 414 1451 perverbum
430 1368 463 1422 et
474 1352 647 1443 Spiritum
663 1368 823 1422 sanetum
839 1354 1015 1424 convertit
1028 1378 1109 1423 cor·

118 1469 183 1543 da,
219 1458 424 1529 consolatur
451 1468 485 1524 et
506 1454 595 1544 regit
616 1479 676 1535 ea,
707 1456 758 1524 sic
778 1453 911 1526 Paulus
931 1456 1108 1549 loquitur:

119 1565 195 1634 Vos
208 1561 380 1650 templum
399 1556 480 1626 estis
494 1555 561 1625 Dei
575 1557 744 1642 viventis,
768 1556 858 1628 sicut
873 1558 989 1652 inquit
999 1557 1109 1629 Deus:

117 1664 298 1739 Habitabo
320 1662 359 1729 iu
384 1661 444 1731 eis.
496 1654 543 1728 Et
564 1654 727 1728 Christus
750 1658 884 1750 inquit:
918 1659 1110 1729 Veniemus

120 1771 275 1844 adeum,
302 1776 337 1832 et
351 1760 569 1830 mansionem
584 1762 677 1850 apud
695 1785 775 1829 euna
793 1761 972 1832 fatciemus.
1013 1759 1109 1832 Haec

119 1885 172 1944 est
188 1865 382 1959 spiritualis
398 1863 488 1932 actio
504 1860 573 1932 Dei
590 1862 626 1929 in
641 1858 807 1944 Ecclesia,
833 1885 902 1956 qua
918 1864 1009 1934 fiunt
1023 1887 1110 1932 eon·

119 1972 235 2044 versio
252 1982 286 2037 et
302 1964 551 2044 sanctificatio,
577 1977 613 2033 et
628 1964 728 2033 nullo
744 1965 852 2033 modo
870 1965 909 2034 lit
924 1967 1012 2034 aretio
1029 1988 1110 2056 per-

118 2073 271 2156 sonalis,
295 2069 357 2140 sed
380 2066 625 2156 separabiliter
645 2068 743 2135 adest
766 2066 887 2152 Deus,
913 2079 954 2136 ut
965 2066 1108 2137 Saulem

18 2222 22 2227 -
120 2176 357 2248 trucidantem
374 2167 598 2252 Sacerdotes,
625 2181 659 2238 et
682 2182 909 2262 quaerentem
934 2168 1110 2261 praesidia

39 2303 41 2307 ’
118 2281 343 2356 inconcessa,
368 2272 500 2340 deserit
514 2268 628 2354 Deus,
653 2295 719 2340 nec
741 2270 946 2341 consolatur
969 2271 1109 2341 eumin

119 2403 251 2474 egone,
277 2377 336 2446 sed
353 2373 434 2443 finit
447 2396 527 2442 eum
545 2374 678 2464 impelli
697 2399 716 2441 a
733 2373 897 2444 diabolis.

222 2480 293 2552 Sed
315 2501 396 2547 cum
419 2477 462 2543 de
478 2470 535 2544 his
549 2475 696 2544 summis
709 2476 815 2545 refrus
832 2486 1036 2544 reverenter
1048 2498 1110 2545 co·

119 2584 305 2679 gitaudum
328 2591 362 2647 et
383 2579 602 2672 loquendum
625 2578 689 2661 sit,
720 2591 753 2646 et
776 2590 868 2646 recte
890 2575 1029 2647 institui
1051 2578 1110 2661 iu-

118 2688 239 2760 niores
255 2684 294 2752 in
311 2675 378 2750 bac
394 2692 492 2771 parte
504 2680 733 2748 utilissimum
750 2693 783 2748 et
798 2679 1033 2749 necessarium
1052 2680 1110 2761 sit,

118 2787 190 2860 hoc
211 2782 418 2879 praesertim
442 2781 581 2851 cunoso
599 2784 654 2851 vel
670 2779 805 2850 furioso
821 2781 938 2873 potius
953 2781 1109 2851 saeculo:

119 2914 205 2980 rogo
220 2901 254 2958 te
268 2883 422 2955 Domine
433 2881 568 2954 Ductor
583 2879 814 2968 Tifernonne,
840 2896 879 2953 ut
895 2907 1015 2953 veram
1028 2907 1110 2953 sen·

119 2992 265 3063 tentiam
287 2990 332 3057 de
352 2981 409 3056 ltis
425 2984 672 3057 differentibus
688 2985 802 3055 modis
819 2985 1035 3077 praesentiae
1052 2985 1109 3054 di-

120 3096 224 3164 vinae
238 3087 343 3160 n⁴obis
358 3088 520 3179 explices.

222 3191 339 3263 Deum
365 3214 429 3259 oro
456 3203 637 3257 aeternum
668 3202 802 3275 patrem
824 3183 973 3257 Domini
997 3185 1110 3256 nostri

118 3291 353 3377 lesuChristi,
379 3305 419 3362 ut
430 3302 599 3382 perpetuo
615 3291 719 3360 nobis
734 3288 935 3360 infantibus·
947 3303 980 3358 et
992 3289 1110 3358 omni-

119 3403 189 3472 bus
217 3396 306 3491 piis,
337 3408 372 3464 et
399 3393 466 3465 toti
492 3416 576 3462 suae
596 3389 772 3461 Ecclesiae
794 3391 986 3461 clementer
1006 3391 1110 3477 adsit,

119 3523 256 3595 nosque
281 3497 455 3587 gubernet
475 3509 509 3566 et
531 3496 672 3578 doceat,
705 3508 740 3564 et
762 3494 805 3569 iu¹
822 3494 930 3563 altera
952 3493 1024 3567 vita
1046 3517 1109 3563 sua

119 3600 297 3694 praesenti
314 3599 412 3682 luce,
438 3597 610 3688 sapientia
630 3611 664 3666 et
684 3595 823 3667 laeticia
839 3595 1046 3686 perfundat,
1071 3608 1110 3665 ut

1263 671 1331 747 Est
1351 678 1470 747 aulem
1492 670 1579 747 haec
1601 679 1776 772 quaestio:
1815 678 1936 768 Quare
1960 682 2059 752 filius
2079 683 2155 793 Dei,

1161 777 1357 870 promissus
1374 776 1539 849 Patribus
1555 780 1593 849 in
1612 779 1782 851 vaticinio
1799 779 1923 870 Iacob,
1951 786 2051 877 quod
2067 799 2157 860 extat

1161 880 1201 948 in
1224 881 1294 950 line
1314 881 1420 972 primi
1445 881 1528 950 libri
1549 880 1663 966 Mori,
1697 883 1905 954 nominetur
1925 879 2062 970 Stich,
2094 888 2155 958 nbi

1161 983 1330 1074 scriptum
1349 997 1417 1051 est:
1442 977 1534 1055 Non
1549 980 1741 1083 auferetur
1752 995 1930 1080 sceptrum
1947 983 2100 1071 aloda,
2123 996 2153 1058 et

1162 1078 1243 1154 dux
1264 1108 1289 1152 o
1310 1079 1467 1178 pedibus
1489 1083 1588 1170 cites,
1621 1081 1732 1156 donec
1756 1086 1868 1158 veniet
1891 1083 2023 1176 Sitoh,
2050 1100 2083 1161 et
2104 1090 2155 1165 od
2179 1147 2181 1150 ψ

1161 1185 1281 1280 ipsum
1289 1181 1357 1279 fiet
1374 1186 1609 1281 congregatio
1623 1188 1801 1282 gentium.

1261 1320 1353 1394 Cum
1370 1335 1486 1392 autem
1502 1347 1576 1392 non
1590 1324 1740 1394 dubium
1753 1325 1809 1410 sit,
1835 1320 1928 1397 hauc
1943 1330 2152 1401 sententiam

1161 1423 1344 1496 ‹leMessia
1352 1425 1582 1512 concionari,
1607 1427 1688 1520 quia
1703 1427 1789 1498 dicit
1806 1429 1962 1499 futuram
1978 1456 2056 1526 esse
2071 1458 2152 1504 con-

1160 1528 1400 1617 gregationem
1424 1527 1582 1617 gentium
1608 1529 1651 1597 ad
1672 1529 1807 1619 ipsum,
1834 1552 1896 1601 seu
1914 1532 2153 1606 obedientiam

1160 1630 1320 1718 gentium
1343 1652 1422 1717 erga
1439 1630 1574 1720 ipsum,
1599 1649 1718 1700 tamen
1737 1632 2020 1723 praestigiatores
2033 1635 2152 1709 ludaei

1161 1731 1325 1801 scelerate
1349 1742 1583 1825 corrumpunt
1606 1745 1720 1804 totum
1743 1732 1974 1823 vaticinium,
2010 1763 2075 1809 nec
2098 1766 2153 1812 ae-

1160 1835 1389 1902 commodant
1411 1834 1455 1902 ad
1474 1832 1662 1916 Messinm,
1690 1859 1754 1905 nec
1771 1837 2152 1935 consolationemreti·

1160 1947 1258 2004 nent.
1305 1935 1378 2006 Alii
1397 1931 1606 2008 enimSiloh
1621 1935 2053 2029 interpretanturSaulem
2069 1969 2151 2030 esse,

1161 2036 1222 2105 alii
1239 2033 1442 2119 leroboam,
1469 2039 1528 2106 alii
1539 2026 1845 2129 Nabogdonosor.'
1884 2038 2025 2113 Harum
2044 2047 2152 2119 inter·

1162 2138 1400 2229 pretationum
1422 2139 1585 2209 omnium
1610 2141 1794 2212 manifesta
1820 2155 1872 2212 est
1898 2157 1932 2214 et
1960 2149 2100 2220 vanitas
2121 2164 2152 2222 et

1162 2239 1353 2315 insulsitas.
1402 2239 1474 2310 Nec
1490 2242 1595 2331 longa
1611 2243 1823 2313 refutatione
1837 2269 1928 2336 opus
1943 2261 2008 2320 est.
2047 2249 2151 2322 Nutu

1161 2356 1213 2412 est
1234 2343 1325 2412 facta
1347 2343 1506 2431 gentium
1533 2344 1698 2414 salutaris
1723 2348 1947 2435 congregatio
1967 2352 2014 2420 ad
2039 2349 2152 2423 Deum

1161 2468 1225 2536 per
1258 2439 1323 2513 hos
1355 2443 1482 2533 Reges.
1553 2442 1627 2515 Nec
1659 2442 1874 2543 Hieronymi
1907 2448 2151 2546 interpretatio

1160 2547 1386 2637 grammatica
1409 2561 1482 2632 est,
1508 2546 1570 2640 qui
1592 2547 1643 2616 sic
1666 2545 2013 2648 reddiditEbraeasn
2032 2556 2151 2628 lectio·

1160 2672 1261 2717 nem:
1293 2646 1416 2718 Donec
1442 2649 1579 2735 veniet,
1613 2649 1676 2742 qui
1703 2649 1898 2722 mittendus
1921 2668 1997 2741 est,
2030 2658 2151 2732 inserit

1161 2751 1257 2820 enim
1281 2750 1433 2819 alienam
1456 2752 1595 2821 literam
1617 2752 1657 2820 in
1680 2755 1831 2822 verbum
1853 2751 1971 2831 Siloh.
2026 2757 2150 2832 Graeci

1160 2852 1302 2943 lougius
1323 2867 1541 2923 recesserunt
1563 2853 1714 2938 esurite,
1740 2855 1802 2947 qui
1820 2873 1990 2929 enarrant
2007 2857 2148 2937 ἀποκεί-

1159 2979 1275 3047 μενα,
1303 2955 1404 3047 qnasi
1425 2956 1538 3039 dicas,
1565 2956 1715 3047 reposita
1734 2959 1846 3042 hona,
1871 2961 1915 3029 de
1933 2963 2067 3055 quibus
2082 2980 2147 3037 tra·

1161 3056 1254 3125 ditae
1271 3070 1353 3126 sunt
1371 3057 1620 3147 promissiones
1636 3055 1813 3128 Patribus.

1226 3257 1228 3261 .
1262 3170 1352 3243 Cum
1383 3189 1499 3243 antem
1527 3168 1593 3242 hae
1616 3174 1925 3266 interpretationes
1946 3187 2146 3279 peregrinae

1160 3274 1251 3362 siut,
1291 3276 1440 3368 simplex
1473 3277 1670 3345 intellectus
1702 3279 1864 3348 vocabuli
1887 3283 2006 3377 ‘aliam
2037 3290 2145 3379 offert,

1161 3402 1252 3473 quae
1274 3401 1349 3446 non
1372 3377 1485 3468 gignit
1506 3379 1635 3448 multas
1659 3379 1927 3470 disputationes.
1978 3385 2084 3462 Silolt
2102 3393 2145 3463 si·

1160 3480 1302 3570 gnificat
1315 3480 1470 3550 faustum
1484 3503 1545 3550 seu
1559 3480 1730 3550 foelieem.
1768 3481 1946 3558 Adfirmat
1962 3512 2047 3580 ergo
2055 3490 2144 3565 Mes.

1160 3583 1249 3653 siam
1271 3581 1377 3651 talem
1395 3581 1489 3662 fore,
1516 3582 1577 3675 qui
1597 3584 1799 3653 redditurus
1814 3584 1859 3656 sit
1875 3587 2079 3665 miserrimo
2092 3619 2145 3689 ge-

1161 3800 1197 3857 et
1226 3785 1421 3869 iusticiam,
1454 3785 1515 3879 qui
1544 3810 1638 3856 unus
1660 3787 1835 3859 foeliciter
1857 3810 2090 3880 superatums
2107 3804 2145 3873 ait

120 3727 187 3775 uos
201 3700 270 3772 sibi
286 3713 428 3770 aeterna
444 3700 698 3770 consuetudine
716 3697 905 3772 devinciat.
955 3695 1051 3771 Dixi.
1161 3684 1239 3754 neri
1260 3679 1419 3753 huffltssss
1433 3708 1552 3753 veram
1567 3684 1813 3770 ἷθθῑῑΰῖῖϋῑθῐη,
1836 3702 2017 3763 aeternam
2031 3698 2143 3782 ritem,
2190 3738 2192 3799 5

2187 3818 2192 3895 l

123 3909 382 3926 fflfflfflfflffl
385 3874 1109 3922 ----‘---—-·-···········
1162 3888 1386 3959 diabolorum
1410 3887 1623 3978 potentiam,
1649 3904 1685 3959 et
1706 3890 1918 3963 collecturus
1932 3892 2014 3968 Deo
2029 3899 2145 3975 Eccle-
2188 3898 2192 3977 l

121 4037 265 4163 ue·

898 4133 1105 4166 m

189 4264 224 4317 ln
241 4221 456 4329 Quaestionilsus
474 4276 500 4327 p.
517 4257 588 4310 tttb
602 4277 662 4330 sqq.
698 4258 767 4314 ltem
785 4260 814 4314 in
830 4262 896 4318 Mel.
908 4260 1014 4319 Consil.
1030 4263 1061 4321 Ρ.
1076 4266 1109 4319 ΙΙ.

224 4347 254 4470 p·
260 4328 359 4454 islep-et
371 4328 400 4381 in
413 4325 512 4382 Select.
522 4328 646 4385 Declam.
657 4327 690 4384 Τ.
702 4327 750 4386 lb’.
762 4349 789 4402 p.
798 4330 861 4384 801.
879 4330 1008 4389 Richard.
1020 4331 1110 4391 T.lll.

121 4564 298 4654 Quaestio
326 4579 352 4628 o
382 4560 436 4629 Μ.
463 4559 674 4630 Martiae
707 4557 988 4651 Matenrov,
1017 4566 1111 4636 lale·

249 4654 389 4747 dieresi,
414 4663 599 4772 recitato,
633 4658 728 4734 dd.
750 4663 845 4759 Aug.
871 4661 980 4738 loos.

119 4806 233 4901 Ritus
254 4808 483 4906 scholastici,
513 4810 576 4903 qui
605 4811 768 4883 exercitia
790 4815 892 4887 utilia
915 4818 1109 4904 continent,

120 4938 156 4996 'et
176 4914 321 4992 amandi
344 4926 378 4982 et
398 4914 632 4983 conservandi
655 4930 751 5005 suut.
804 4915 924 5006 Quare
947 4943 1009 4989 vos
1031 4945 1107 5003 oro,

119 5040 160 5097 ‘ut
188 5015 279 5091 mibi
309 5015 448 5084 veniam
471 5016 578 5099 detis,
608 5019 702 5110 quod
728 5019 765 5085 in
789 5032 885 5089 tanta
907 5021 1107 5114 frequentia

1162 4116 1244 4161 nem
1266 4092 1500 4183 populorum,
1522 4092 1655 4183 scilipet
1671 4089 1889 4182 Ecclesiam,
1915 4101 1974 4169 cui
1995 4103 2037 4177 in
2054 4109 2145 4178 omni

1162 4195 1369 4264 aeternitate
1390 4189 1486 4261 Deus
1508 4185 1783 4267 communicabit
1805 4220 1904 4268 suam
1928 4201 2068 4289 lucem,
2097 4232 2146 4281 ss-

1163 4296 1344 4387 pientiam,
1370 4294 1557 4378 iusticiam,
1577 4309 1612 4366 et
1626 4297 1812 4371 laeticiam.
1853 4296 2034 4381 Existimo
2048 4312 2146 4384 etiam

1163 4394 1226 4466 has
1242 4396 1495 4489 appellationes
1509 4396 1646 4480 latinas,
1667 4397 1771 4471 Salus
1784 4415 1819 4472 et
1830 4403 1938 4490 salve,
1960 4409 2147 4486 abEbraes

1162 4500 1300 4589 origine
1321 4520 1416 4569 ortas
1438 4521 1532 4582 esse,
1558 4513 1598 4568 ut
1622 4498 1899 4574 proverbiorum
1922 4511 2044 4597 primo
2066 4516 2146 4609 logi·

1161 4626 1241 4673 mus
1254 4587 1387 4706 Πῂπζ,
1413 4615 1447 4670 ct
1464 4600 1592 4691 passim
1610 4596 1695 4673 baec
1709 4630 1777 4673 vox
1789 4605 1893 4676 obvia
1910 4626 1976 4684 est·

1265 4718 1409 4790 Veteres
1423 4715 1554 4790 Ebraei
1571 4743 1611 4790 ex
1627 4717 1851 4816 Etymologia
1866 4723 2036 4804 vocabuli
2049 4723 2146 4811 sliam

1161 4822 1487 4914 interpretationem
1514 4839 1760 4913 sumpserunt,
1790 4840 1831 4897 ut
1852 4829 1950 4901 enim
1971 4819 2015 4905 iu
2040 4840 2147 4931 prims

1160 4924 1395 5017 promissione
1416 4923 1562 4993 dieitur:
1588 4925 1717 4995 Samen
1738 4929 1900 5000 mulieris
1919 4950 2147 5014 conteretea·

1161 5042 1224 5117 put
1246 5027 1439 5118 serpentis,
1468 5021 1594 5096 lta'bic
1608 5027 1709 5097 aiunt
1725 5041 1814 5100 tecte
1828 5033 2023 5119 significari
2039 5043 2146 5116 filium

117 5123 406 5198 doctissimorum
437 5109 624 5187 bominum
652 5117 788 5212 aliquid
817 5120 936 5192 dicere
959 5122 1107 5198 institui.
1159 5129 1345 5201 foeminae.
1396 5125 1486 5197 Nam
1511 5113 1593 5208 5⁸&
1613 5130 1786 5218 significat
1809 5135 2041 5229 pelliculam,
2063 5168 2145 5241 quat

117 5227 198 5298 Non
216 5226 310 5296 enirn
328 5218 454 5288 fiducia
471 5219 622 5307 ingenii,
645 5221 707 5289 sed
724 5234 762 5289 ut
776 5215 944 5293 honestae
960 5248 1108 5296 consue-

123 5328 229 5400 udini
245 5323 429 5406 obediam,
455 5315 513 5390 hic
529 5322 658 5393 usitato
675 5346 773 5392 more
791 5325 928 5419 aliquid
946 5328 1108 5420 disputa·

1160 5230 1271 5299 ambit
1287 5231 1421 5298 foetum
1435 5230 1474 5325 in
1489 5229 1569 5298 alvo
1586 5232 1720 5315 matris,
1746 5257 1837 5327 quae
1852 5238 2023 5326 pellicula
2041 5244 2145 5318 Gne·

1161 5331 1211 5402 ris
1234 5331 1440 5402 nominatur
1456 5324 1601 5431 χόριον.
1650 5333 1807 5407 Additus
1825 5351 1879 5410 est
1892 5355 2014 5418 eutem
2030 5347 2073 5421 in
2084 5350 2144 5422 tn·

875 4043 908 4106 3·
917 4040 999 4122 Aug·
1015 4041 1110 4109 1553·
1161 3991 1268 4071 siam,
1294 3989 1383 4059 sicut
1397 3984 1456 4058 hic
1471 3988 1622 4075 dicitur,
1647 3992 1802 4061 futuram
1819 4017 1893 4063 esse
1909 4006 2146 4095 congregatio.
2189 3984 2192 4067 l

2188 4134 2192 4193 l

2188 4744 2192 4833 l

2190 4844 2192 4909 t

2188 4912 2192 5053 l
