4546 5760
111 312 250 389 audiri:
283 309 418 381 Verum
444 310 614 402 patriam,
647 307 704 379 cui
727 308 802 401 ipse
825 322 902 379 tum
919 306 1107 380 Triumvir

111 416 261 493 Sueviae
284 426 461 507 praeerat,
493 415 653 483 deserere
676 413 811 483 noluit:
843 412 964 483 adesse
988 424 1105 485 autem

113 547 150 594 se
172 522 279 609 longe
301 517 495 601 maiorem,
520 510 729 607 Philippum
752 511 1026 587 Melanthonem
1049 517 1107 587 iu-

112 646 259 707 venem,
283 618 479 712 respondit.
790 634 793 641 ·

211 808 371 879 Vocatur
383 806 504 898 itaque
517 802 595 875 Deo
611 806 661 874 sic
674 806 827 887 volente,
851 804 1104 899 Witebergam

114 916 161 987 ab
189 911 372 987 Hectore,
406 906 515 979 Anno
545 906 695 977 Domini
724 905 978 980 M.D.XVlll.
1003 922 1106 977 natus

111 1021 188 1110 ipse
210 1035 322 1084 annos
336 1010 463 1100 viginti
487 1034 621 1093 unum,
647 1024 687 1079 ut
703 1034 842 1101 graecas
866 1012 987 1081 literas
1001 1012 1105 1078 doce·

112 1134 187 1201 ret,
212 1117 309 1189 unde
323 1112 429 1203 vulgo
447 1112 522 1182 illic
537 1112 641 1195 initio
660 1136 805 1203 graecus
822 1126 874 1182 est
891 1113 1017 1183 dictus.

118 1282 121 1287 ’
215 1286 429 1360 Discedente
451 1284 499 1354 D.
515 1278 684 1377 Philippo
708 1282 898 1375 Tubinga,
923 1277 1107 1353 Simlerus

112 1403 339 1491 praeceptor,
370 1388 429 1457 vir
454 1386 653 1457 eruditione
678 1399 880 1477 praestans,
913 1385 1106 1478 deploran-

113 1500 201 1569 dum
221 1516 295 1564 esse
314 1491 381 1562 toti
400 1488 534 1559 civitati
554 1488 629 1558 eius
646 1490 782 1559 abitum
798 1489 908 1573 dixit,
934 1502 969 1559 et
985 1488 1107 1557 subie-

113 1600 180 1685 cit,
206 1594 392 1686 Quotquot
409 1592 462 1661 ibi
480 1604 595 1661 essent
611 1592 707 1662 docti
727 1587 910 1673 homines,
934 1612 1009 1659 non
1031 1612 1105 1659 esse

112 1718 185 1774 tam
204 1702 337 1781 doctos,
358 1707 400 1765 ut
415 1693 666 1782 intelligerent,
692 1710 825 1788 quanta
839 1705 929 1763 essct
942 1693 1105 1761 doctrina

114 1804 201 1888 eius,
226 1800 289 1895 qni
304 1798 387 1867 inde
405 1810 570 1867 evocatus
583 1794 787 1865 discederet.
840 1792 913 1865 Nec
928 1796 1038 1863 falsus
1055 1809 1106 1864 est

115 1929 179 1978 suo
201 1902 347 1974 iudicio.
396 1897 524 1971 Statim
549 1898 645 1967 enim
667 1900 730 1967 ubi
746 1896 1001 1985 Witebergam
1025 1920 1107 1989 per-

114 2008 232 2090 venit,
263 2017 451 2095 utramque
480 1999 657 2088 linguam,
690 1997 863 2070 Graecam
885 2014 919 2069 et
939 1996 1105 2069 Latinam

115 2108 254 2182 docuit:
281 2119 337 2191 et,
361 2118 402 2173 ut
417 2102 455 2173 id
472 2126 553 2171 cum
569 2102 687 2172 fructu
704 2114 913 2193 praestaret,
938 2124 985 2169 ne
1001 2101 1106 2171 audi·

115 2227 211 2284 tores
244 2205 494 2289 multitudine,
528 2218 562 2274 et
591 2205 792 2296 prolixitate
824 2216 1106 2295 praeceptorum,

114 2338 206 2411 quae
228 2310 314 2381 alias
336 2308 482 2379 molesta
505 2320 607 2391 sunt,
633 2309 898 2378 deterrerentur
919 2329 1030 2399 eaque
1050 2306 1105 2375 sa-

114 2416 217 2487 cilius
240 2412 479 2489 addiscerent,
506 2424 690 2500 praecepta
713 2410 898 2502 utriusque
914 2404 1105 2478 Gramma-

114 2520 204 2591 ticae
228 2518 267 2584 in
281 2512 543 2603 Compendium
566 2513 719 2601 redegit,
744 2526 779 2581 et
793 2511 942 2593 aedidit,
965 2523 1006 2580 ut
1029 2533 1104 2579 non

114 2623 231 2695 solum
253 2618 326 2686 suis
350 2614 591 2696 auditoribus,
618 2616 679 2682 sed
701 2613 769 2683 toti
785 2610 1000 2682 Germaniae
1017 2638 1105 2682 con·

114 2724 264 2802 suleret‚
287 2716 472 2808 studiaque
488 2716 691 2803 linguarum
707 2716 921 2785 accenderet.
958 2710 1007 2784 Et
1022 2716 1105 2805 pul-

114 2822 198 2896 chre
217 2818 401 2912 respondit
418 2831 575 2887 eventns·
626 2816 718 2885 Nam
734 2817 779 2887 ab
799 2817 863 2885 illo
886 2830 1042 2906 tempore
1065 2819 1103 2885 in

114 2925 281 2998 omnibus
305 2915 453 3006 scholis,
485 2933 518 2990 et
541 2918 703 2988 omnium
725 2942 917 3012 puerorum
939 2920 1105 2990 manibus

112 3028 228 3101 libelli
244 3035 439 3097 versantur.

214 3178 311 3250 Haec
335 3178 567 3247 fundamenta
591 3176 655 3244 ubi
680 3176 832 3261 iecisset,
862 3200 942 3247 cum
968 3178 1107 3249 videret

112 3288 273 3367 obscure,
301 3294 334 3350 et
349 3278 511 3347 intricate
525 3291 708 3368 praecepta
721 3274 942 3364 Rhetorices,
969 3293 1003 3349 et
1017 3278 1106 3351 Dia-

112 3386 253 3457 lectices
274 3383 381 3469 vulgo
406 3380 501 3451 tradi
524 3380 563 3448 in
585 3374 736 3466 scholis,
763 3381 977 3476 nullumque
999 3407 1104 3453 usum

113 3490 244 3561 artium
269 3482 480 3566 monstrari,
504 3495 540 3551 et
559 3483 737 3573 exempla,
765 3483 896 3577 quibus
921 3501 1104 3577 praecepta

112 3592 324 3663 illustranda
348 3599 466 3667 erant,
500 3584 630 3675 partim
666 3608 739 3653 esse
773 3586 940 3669 ridicula,
975 3589 1104 3678 partim

113 3719 198 3764 vero
215 3715 325 3782 aeque
343 3690 511 3770 obscura,
534 3710 574 3753 ac
590 3686 664 3775 ipsa
688 3701 893 3778 praecepta,
919 3689 957 3756 in
976 3691 1106 3782 quibus

114 3796 220 3865 etiam
236 3791 347 3862 multa
365 3789 505 3859 inutilia
522 3782 765 3873 habebantur,
793 3784 888 3859 hunc
903 3790 941 3857 in
958 3816 994 3860 sc
1010 3816 1105 3861 rece-

113 3899 166 3990 pit
188 3896 370 3979 laborem,
391 3907 432 3962 ut
454 3916 496 3961 ex
514 3884 705 3960 Aristotele
730 3892 826 3980 ipso,
852 3889 1044 3979 Cicerone,
1072 3908 1107 3964 et

114 3999 362 4089 Quinctiliano
377 3995 530 4085 optima,
559 4006 591 4062 et
614 3992 823 4085 praecipua,
848 4018 958 4085 pauca
976 4012 1106 4083 tamen,

113 4104 145 4174 si
162 4103 207 4172 ad
233 4090 412 4189 ingentem
433 4097 540 4165 istum
560 4120 723 4164 acervum
746 4096 995 4179 conserantur,
1022 4100 1105 4167 seli·
1139 4163 1140 4197 3

114 4220 211 4295 geret
229 4214 431 4292 praecepta,
458 4220 548 4290 quae
564 4198 716 4266 subinde
731 4198 945 4291 quibusdam
961 4201 1105 4287 additis,

115 4307 232 4389 assuit,
265 4318 305 4373 ut
337 4314 510 4392 postrema
538 4314 648 4369 artem
676 4314 787 4369 totam
816 4302 1107 4391 complectantur.
1139 4400 1140 4413 χ

114 4406 163 4479 Et
183 4405 265 4501 quia
287 4415 472 4497 praecepta
491 4403 586 4470 nuda
608 4426 725 4470 amora
748 4417 850 4488 sunt,
883 4418 918 4473 et
942 4405 1106 4492 obscura,

115 4510 268 4582 illustria
293 4505 450 4589 addidit,
481 4517 515 4573 et
536 4504 638 4573 utilia
664 4505 843 4595 exempla,
868 4506 998 4599 quibus
1022 4530 1106 4577 usus

116 4613 267 4695 artium,
298 4623 333 4677 et
354 4621 639 4700 praeceptorum,
665 4620 699 4677 et
718 4610 898 4701 quomodo
920 4611 1105 4680 adomnia

116 4713 274 4803 negocia,
296 4712 336 4779 in
351 4724 424 4781 tota
439 4709 526 4799 vita,
542 4710 586 4778 ad
604 4722 696 4779 artes
711 4724 745 4780 et
760 4711 967 4801 disciplinas
983 4735 1107 4782 omnes

117 4814 418 4887 accommodanda
459 4824 591 4896 essent,
639 4812 906 4883 demonstravit.
981 4812 1106 4909 anue

116 4916 237 4991 omnia
262 4929 357 4985 tanta
386 4914 651 5005 perspicuitate,
680 4927 716 4983 et
738 4914 946 4987 dexteritate
974 4941 1107 5009 propo-

117 5020 205 5102 suit,
232 5019 294 5088 tali
311 5012 506 5098 Methodo,
531 5028 566 5085 et
580 5015 720 5097 ordine,
746 5018 985 5111 exemplisque
1004 5020 1108 5088 addi-

117 5124 164 5193 tis
178 5124 225 5193 ita
242 5120 446 5200 illustravit,
470 5130 509 5187 ut
526 5117 772 5207 obscurissima
786 5120 873 5189 alias
887 5122 1109 5207 difficillima,

118 5239 153 5297 et
176 5222 455 5303 abstrusissima,
479 5221 524 5297 ab
541 5219 706 5291 omnibus
730 5220 849 5308 facile,
876 5236 909 5295 ct
926 5224 1027 5295 nullo
1044 5248 1110 5297 ne-

118 5327 218 5417 goeio
235 5324 491 5415 intelligantur.

478 133 738 215 semera
772 136 849 213 an
884 133 1083 215 varan
1113 134 1192 218 rr
1225 92 1468 219 onrruu
1490 144 1803 249 Mensura

1259 314 1446 391 Praeterea
1467 334 1508 393 ut
1528 323 1768 399 adolescentes
1787 332 1832 401 ad
1849 354 1969 403 veram
1986 328 2159 407 Philoso-

1157 412 1281 515 phiam
1298 445 1408 493 manu
1424 426 1527 518 quasi
1549 428 1756 515 deduceret,
1779 429 1968 529 Physices,
1992 450 2030 507 ct
2044 432 2157 509 Ethi-

1158 544 1215 591 ces
1229 518 1413 615 Epitomas
1425 530 1649 621 conscripsit,
1668 534 1863 628 inquibus,
1882 552 1923 609 ut
1938 540 2019 609 aliis
2033 542 2156 611 omni-

1157 625 1245 707 bus,
1269 650 1372 697 usum
1390 628 1671 722 disputationum
1695 631 2027 731 philosophicarum
2046 668 2154 715 mon-

1157 726 1302 811 stravit,
1338 741 1444 824 atque
1476 734 1522 803 ad
1557 735 1666 807 vitam
1699 764 1926 813 communem
1957 747 2154 819 transtulit·

1158 826 1276 917 Quam
1299 846 1460 905 venuste·
1474 836 1570 905 enim
1594 836 1773 913 lusticiam
1800 848 2094 919 commutativam
2118 864 2152 921 et

1158 932 1443 1021 distributivam,
1469 962 1621 1030 quarum
1646 956 1834 1039 utramque
1856 947 2070 1022 Aristoteles
2092 974 2151 1023 ee-

1158 1035 1276 1128 qualia
1297 1039 1505 1133 aequalibus
1518 1045 1667 1115 reddere
1689 1047 1759 1133 ait,
1784 1050 1883 1119 illam
1899 1053 2048 1145 quidem
2067 1078 2151 1147 pro-

1159 1138 1323 1228 portione
1344 1135 1584 1237 arithmetica,
1612 1143 1705 1219 hanc
1726 1174 1811 1221 vero
1834 1148 2081 1241 Geometrica,
2106 1158 2150 1227 ad

1158 1264 1382 1312 communem
1405 1243 1514 1315 vitam
1536 1248 1747 1339 applicavit,
1779 1245 1870 1347 quae
1895 1255 1934 1325 in
1956 1258 2150 1331 contracti-

1157 1344 1242 1429 bus,
1269 1358 1304 1413 et
1318 1368 1549 1435 personarum
1566 1352 1791 1424 ordinatione
1812 1358 1999 1430 consistit?
2052 1358 2152 1433 Utin

1157 1447 1397 1518 contractibus
1412 1448 1620 1541 simpliciter
1633 1456 1792 1547 precium
1807 1461 1986 1531 mercibus
1999 1485 2150 1557 respon-

1158 1548 1254 1619 deat:
1281 1546 1506 1651 ad'Reipub.
1528 1579 1634 1637 vero,
1662 1573 1696 1629 et
1716 1559 1876 1631 aliorum
1892 1564 2093 1637 officiorum
2112 1566 2150 1637 in

1158 1651 1258 1718 omni
1274 1651 1346 1723 vita
1363 1654 1664 1744 constitutionem,
1682 1684 1757 1733 nou
1773 1664 1918 1757 quosvis
1932 1665 2011 1737 sine
2023 1668 2150 1739 discn-

1157 1752 1254 1823 mine
1267 1778 1309 1823 ex
1325 1755 1456 1841 favore,
1480 1773 1626 1851 propter
1641 1762 1823 1853 imagines,
1844 1778 1883 1837 et'
1892 1770 2034 1859 generis
2049 1794 2150 1863 prae·

1157 1856 1375 1945 rogativam,
1404 1871 1466 1929 aut
1490 1860 1614 1931 inanes
1643 1865 1784 1952 titulos,
1809 1864 2054 1959 adhibendos,
2089 1876 2148 1945 sed

1157 1957 1312 2048 optimos
1324 1982 1478 2053 quoque,
1503 1978 1538 2034 et
1552 1965 1703 2037 maxime
1716 1970 1901 2041 idoneos...
1911 1970 2010 2045 Haec
2027 1977 2060 2045 si
2076 2000 2148 2047 nou

1157 2060 1409 2146 observentur,
1433 2063 1574 2135 civilem
1600 2062 1693 2138 hanc
1709 2074 1910 2145 communis
1923 2076 2017 2147 vitae
2037 2080 2148 2151 socie·

1157 2174 1265 2233 tatem
1291 2162 1482 2235 consistere
1504 2192 1579 2237 non
1603 2193 1723 2261 posse,
1749 2178 1810 2245 sed
1837 2176 1968 2249 collabi
1990 2176 2149 2275 Respub.

1158 2278 1192 2334 et
1206 2264 1328 2335 omnia
1344 2266 1460 2357 perire
1482 2293 1622 2341 necesse
1640 2296 1725 2345 esse.
1777 2275 2013 2353 Talia'multa
2027 2308 2150 2355 occur·

1156 2380 1242 2437 runt
1262 2368 1301 2437 in
1322 2368 1463 2459 seriptis
1481 2368 1525 2441 D.
1540 2367 1720 2468 Philippi,
1746 2380 1877 2470 quihus
1898 2396 1993 2455 certe
2010 2382 2149 2459 Aristo-

1156 2469 1236 2537 telis
1261 2472 1472 2540 sententiam
1500 2474 1711 2563 illustravit,
1742 2495 1778 2551 et
1806 2505 1909 2553 usum
1934 2487 2083 2573 docuit,
2111 2505 2149 2561 ut

1157 2584 1248 2640 artes
1263 2572 1370 2640 linem
1388 2596 1493 2643 suum
1513 2597 1835 2673 consequerentur,
1862 2586 1926 2679 qui
1945 2602 1999 2660 est
2017 2592 2148 2663 utilitas

1157 2672 1276 2767 aliqua
1289 2673 1329 2741 in
1342 2676 1525 2746 communi
1540 2679 1625 2755 vita.

1259 2822 1359 2913 Quid
1374 2827 1418 2895 de
1434 2821 1595 2921 Physicis
1611 2832 1930 2927 disputationibus,
1964 2857 1999 2916 et
2020 2846 2146 2921 libellis

1157 2926 1299 2997 dicam?
1331 2928 1417 3021 quid
1442 2929 1485 2996 de
1507 2926 1739 3025 Astrologicis
1761 2942 1805 3009 de
1829 2944 1951 3015 libello
1976 2946 2085 3037 item,
2113 2954 2146 3021 in

1157 3054 1228 3122 quo
1260 3053 1336 3098 non
1371 3041 1509 3101 tantum
1544 3034 1588 3102 de
1617 3040 1735 3110 anima
1763 3044 1920 3133 disserit,
1955 3052 2018 3120 sed
2045 3054 2146 3126 totius

1158 3128 1306 3201 humani
1329 3132 1488 3225 corporis
1511 3134 1741 3227 formatione,
1775 3150 1936 3236 partibus
1966 3156 2148 3242 omuibus,

1156 3234 1359 3317 affectibus,
1391 3228 1622 3321 humoribus,
1657 3240 1853 3335 Anatome‚
1889 3264 1925 3321 et
1949 3254 2149 3331 similibus?

1157 3334 1254 3425 Quid
1271 3337 1315 3404 de
1331 3331 1572 3410 Orationibus
1585 3343 1844 3432 elegantissime
1861 3354 1905 3422 de
1922 3356 2033 3430 variis
2049 3362 2148 3433 rebus

1157 3438 1320 3531 scriptis?
1341 3436 1427 3509 Dies
1444 3466 1500 3510 me
1514 3442 1776 3531 citiusdeliciat,
1795 3478 1901 3545 quam
1918 3480 1974 3527 res
1990 3464 2149 3535 etverha.

1155 3540 1246 3611 Nam
1264 3542 1303 3609 in
1316 3558 1523 3629 argumento
1539 3558 1610 3614 tam
1625 3550 1768 3641 copioso
1783 3550 1888 3626 nemo
1903 3560 1991 3632 adeo
2010 3563 2148 3637 ieiunus

1157 3658 1224 3730 est,
1250 3657 1291 3714 ut
1308 3645 1416 3713 verba
1434 3645 1466 3713 ei
1484 3648 1602 3717 deesse
1617 3654 1763 3743 possint.

1258 3792 1349 3865 Cum
1367 3810 1483 3867 autem
1498 3823 1539 3869 eo
1554 3813 1711 3896 tempore
1727 3828 1994 3905 praeceptorum
2009 3816 2150 3897 Aristo-

1157 3896 1342 3967 telicorum
1359 3923 1443 3970 usus
1461 3924 1535 3971 non
1550 3909 1768 3997 traderetur,
1794 3919 1853 3984 sed
1871 3918 1977 3989 etiam
1990 3918 2149 4014 philoso-

1157 3993 1241 4089 phia
1260 4000 1371 4091 ipsius
1393 4026 1413 4070 a
1436 4004 1529 4073 male
1549 4008 1683 4079 seriatis
1704 4008 1913 4090 hominibus
1928 4047 2011 4093 cum
2029 4024 2149 4101 Theo·

1157 4102 1250 4191 logia
1267 4104 1562 4193 confunderetur,
1587 4136 1710 4182 verum
1730 4137 2000 4213 praeceptorum
2017 4143 2055 4201 et
2070 4128 2149 4226 phi-

1157 4198 1342 4295 losophiae
1363 4230 1468 4276 usum
1486 4217 1709 4290 monstravit.
1761 4218 2008 4297 Methodicam
2023 4244 2149 4307 hacta-

1158 4308 1292 4377 tionem
1307 4309 1352 4375 ad
1368 4310 1532 4380 materias
1543 4309 1777 4407 Theologicas
1792 4333 2087 4420 accommodavit,
2111 4362 2149 4409 ac

1158 4408 1342 4502 utriusque
1366 4413 1549 4482 doctrinae
1566 4412 1804 4511 Theologicae
1824 4442 1859 4498 et
1883 4424 2149 4531 philosophicae

1158 4510 1351 4580 discrimen
1373 4526 1466 4584 recte
1488 4516 1621 4592 docuit.
1670 4520 1749 4595 Hoc
1771 4552 1854 4617 ergo
1881 4536 2073 4627 proprium
2088 4538 2148 4613 ha-

1157 4615 1234 4699 bet,
1258 4626 1294 4682 et
1317 4616 1493 4704 peculiare
1506 4615 1553 4687 D.
1571 4616 1778 4715 Philippus,
1803 4632 1944 4727 sibique
1964 4638 2043 4711 iure
2065 4662 2153 4715 reu*

1158 4716 1263 4801 dieat,
1288 4718 1384 4809 quod
1400 4732 1434 4788 et
1449 4720 1633 4809 pauciora,
1659 4741 1693 4797 et
1708 4730 1872 4803 breviora
1889 4763 1997 4830 quam
2014 4746 2147 4835 priores

1158 4817 1345 4889 tradiderit
1376 4837 1578 4911 praecepta,
1611 4840 1717 4921 atque
1750 4838 1921 4929 exemplis
1952 4845 2148 4919 utilissimis

1158 4920 1365 5007 illustrarit,
1390 4936 1424 4991 ct
1440 4948 1544 4993 usum
1562 4950 1684 4999 eorum
1707 4941 1931 5027 monstrarit,
1955 4949 2076 5021 studia
2092 4976 2146 5023 ar-

1159 5024 1267 5108 tium,
1293 5023 1516 5113 linguarum,
1542 5052 1581 5097 ac
1597 5056 1699 5103 verae
1714 5032 1980 5133 philosophiae,
2006 5046 2146 5124 Mathe-

1159 5138 1294 5195 matum
1312 5151 1454 5220 qnoque
1468 5152 1530 5197 sua
1552 5131 1746 5226 industria,
1772 5156 1807 5213 et
1821 5148 2012 5222 autoritate
2027 5177 2147 5227 accen·

1160 5228 1268 5311 derit,
1296 5242 1331 5299 et
1346 5231 1446 5322 quasi
1467 5234 1685 5322 postliminio
1703 5246 1896 5333 revocarit,
1918 5251 2037 5347 adque
2054 5282 2154 5329 com..

1162 5353 1304 5399 munem
1323 5330 1430 5403 vitam
1448 5336 1678 5419 transtulerit.
