4546 5760
111 164 186 280 'sta

264 344 268 356 .
515 360 710 454 Respon.

216 485 303 557 Plus
320 498 372 556 est
385 483 425 552 in
440 480 685 559 conclusione,
718 502 824 572 quarn
841 480 880 547 in
897 477 1111 571 praemissis.

41 618 48 629 ’
117 586 214 679 Ergo
236 601 384 681 propter
398 582 592 653 novitatem
612 583 725 672 placet
740 581 949 672 partialiter:
983 576 1111 673 Oppo-

117 704 225 763 natur
237 685 307 760 hoc
322 687 446 772 Fides,
468 684 597 754 nititur
611 684 688 753 solo
705 678 862 755 Christo.

564 816 663 890 Xlll.

221 935 415 1040 Quomodo
450 916 732 1032 intelligendam
764 943 815 1005 est
851 936 886 1010 1.
908 929 946 1004 Τ
945 927 1041 1003 less.
1063 933 1113 1005 1.;

21 1099 23 1103 .
120 1042 293 1116 Abundat
314 1042 425 1134 gratia
443 1038 595 1113 Domini
612 1040 726 1111 nostri
749 1038 829 1109 lesu
849 1035 1002 1124 Christi,
1032 1058 1113 1105 cum

14 1160 22 1165 ”
119 1148 189 1218 lide
205 1159 240 1217 et
257 1144 471 1216 dilectione?

521 1272 717 1368 Respon.

224 1397 350 1469 Gratia
380 1394 553 1486 significet
584 1392 857 1486 imputationem
893 1389 1050 1485 primum
1081 1402 1117 1460 et

119 1501 384 1598 principaliter,
426 1517 507 1568 cum
541 1489 607 1566 bac
633 1496 764 1566 deinde
791 1493 999 1566 coniunctae
1033 1504 1117 1563 suut

83 1602 87 1619 '
120 1606 282 1677 virtutes.

569 1725 668 1804 XlV.

224 1850 319 1925 Item
344 1844 484 1951 Ephes.
506 1847 541 1922 4.
574 1843 669 1946 quid
686 1840 877 1943 significat
907 1843 1054 1918 iustitia
1084 1857 1117 1919 et

122 1956 304 2030 sanctitas
326 1951 436 2025 aera?

428 2138 432 2143 -
515 2081 719 2174 Respon.

223 2210 336 2297 Vera,
362 2207 396 2276 id
415 2215 485 2286 est,
512 2227 586 2272 non
603 2197 842 2298 lrypocritica,
865 2220 927 2278 aut
941 2205 1116 2279 simulata.

123 2307 448 2407 comprehenditur
472 2329 553 2395 ergo
575 2305 660 2374 fides
681 2305 855 2396 accipiens
872 2308 1116 2405 remissionem

122 2430 368 2511 peccatorum,
402 2424 435 2479 et
460 2407 743 2499 imputationem.
804 2402 909 2477 Talia
928 2411 1116 2482 coniuncta

124 2543 227 2612 saepe
243 2541 319 2588 uuo
335 2511 480 2584 nomine
496 2508 650 2580 iustitiae
664 2503 1028 2600 comprehenduntur.

580 2642 662 2716 XV.

174 2765 345 2858 Μιάίυοι
360 2790 450 2866 qao,
476 2787 549 2834 non
566 2771 617 2844 est
634 2760 811 2833 terminus
828 2757 1014 2864 adquam.

174 2867 292 2943 Fides
322 2878 373 2941 est
397 2862 576 2946 medium,
617 2888 691 2963 quo
723 2862 903 2963 accipitur
932 2865 1117 2966 imputata

224 2971 381 3045 iustitia.
569 2976 571 2980 ’

176 3073 286 3170 Ergo
308 3079 454 3143 nonest
477 3088 561 3138 aera
584 3067 742 3137 iustitia.
799 3061 891 3139 Non
911 3068 1028 3165 igitar
1042 3096 1119 3143 vere

223 3199 353 3248 sumus
364 3164 555 3263 iustifide,
573 3168 652 3239 nr‘sr‘
659 3164 807 3239 accedat
813 3168 1000 3268 formalis
1010 3173 1119 3244 iusti-

227 3278 283 3350 tia
305 3277 344 3346 r'n
368 3268 490 3359 corde,
516 3294 610 3371 puae
631 3279 682 3340 est
701 3271 938 3366 congruentia
955 3277 1118 3347 omnium

229 3379 362 3452 viriam
379 3400 459 3448 carn
478 3371 662 3445 voluntate
680 3369 769 3450 Dei.

524 3506 722 3600 Respon.

229 3630 396 3704 Concedo
424 3640 540 3700 totum
568 3638 836 3715 argumentum,
876 3624 960 3697 Nou
998 3651 1120 3700 sumus

128 3735 214 3807 iusti
242 3734 329 3819 fide,
369 3732 407 3801 id
445 3743 513 3814 est,
553 3741 699 3820 propter
725 3729 851 3814 fidem,
882 3732 943 3798 sed
976 3748 1121 3823 propter

126 3837 241 3907 filium
263 3834 340 3908 Dei.
391 3832 471 3903 lloc
494 3842 587 3898 recte
606 3826 785 3898 additur.'
816 3827 910 3898 lllud
933 3855 1007 3899 non
1028 3847 1120 3903 recte

128 3939 293 4020 assuitur.
342 3931 438 4024 Ergo
458 3943 603 4026 propter
617 3930 805 4022 qualitates
826 3931 864 3999 in
882 3933 995 4004 nobis.
1046 3931 1121 4006 Cur

72 4116 76 4122 ,
129 4040 316 4135 qualitates
332 4036 445 4130 pluris
459 4032 564 4119 lacis,
588 4032 823 4126 quamlilium
837 4031 930 4104 Dei?

197 4614 231 4668 ln
251 4609 412 4682 Quaestion.
430 4626 457 4680 p.
475 4607 535 4662 108.
571 4605 639 4662 item
656 4605 685 4661 io
699 4607 767 4663 stet.
783 4605 868 4664 cons.
896 4607 930 4664 Ρ.
942 4610 975 4665 ΙΙ.
987 4630 1015 4682 p.
1030 4613 1090 4666 145.

880 4421 931 4487 31.
941 4419 1016 4483 illati
1029 4424 1120 4487 test.

902 4511 1113 4552 Μ

130 4776 309 4860 Quaestio
344 4794 368 4843 a
407 4771 557 4843 Panlo
592 4767 741 4843 utero
782 4767 883 4868 filio,
924 4781 1120 4866 proposita

5 4902 10 4920 ·
128 4874 239 4950 Doot.
266 4878 458 4970 Georgia
484 4875 704 4964 Miillero‚
734 4870 1033 4968 Mansseldensi,
1060 4881 1121 4950 at-

356 4977 447 5048 tieno
473 4973 536 5048 dte
559 4979 681 5066 Matr,
714 4998 753 5047 a.
779 4975 890 5051 155².

112 5113 222 5201 'Non
237 5140 288 5197 est
305 5125 428 5196 aetatis
442 5139 601 5210 nostrae,
634 5123 790 5195 iudicare
812 5128 857 5194 sle
869 5125 1043 5195 maiorum
1060 5128 1120 5196 in·

128 5228 279 5312 stitutis,
302 5229 363 5296 sed
382 5240 583 5296 reverenter
604 5226 847 5318 obtemperare
862 5229 1068 5319 parentibus
1085 5245 1119 5301 et

621 174 628 187 ’
706 179 1568 286 Quassrronusacaosurcas

2081 184 2156 264 ‘020

1161 347 1252 421 milri
1270 350 1381 431 detis,
1407 353 1503 445 qnod
1522 352 1560 421 in
1575 364 1648 422 tant
1666 352 1799 424 celebri
1811 355 1987 426 'canusso
2002 353 2157 426 virorum

1160 453 1467 540 doctissimorum,
1502 468 1536 524 et
1563 455 1736 546 sapientia
1762 471 1797 528 et
1818 451 2040 528 authoritate
2060 481 2155 550 prae·

1161 556 1352 638 stantium,
1382 555 1519 646 aliquid
1544 580 1718 648 propono.
1775 555 1824 629 Et
1839 571 1960 628 tamen
1974 573 2157 630 cousenta-

1162 670 1358 747 neumnest,
1383 658 1633 729 maiores'ideo
1648 683 1715 728 nos
1728 660 1767 729 in
1783 653 1868 730 haec
1882 661 2085 752 spectacula
2099 663 2156 730 ad:
2202 666 2204 685 ²

1164 759 1323 842 (luxisse,
1351 771 1389 827 ut
1406 752 1561 827 honores
1577 762 1778 830 studiorum
1793 775 1976 855 utcunque
1991 762 2156 832 adnsirari

1164 860 1395 951 incipiamus,
1428 873 1461 929 et
1485 861 1597 951 magis
1612 886 1770 934 amemus
1792 864 1906 933 nostri
1923 863 2095 959 tyrocinii
2110 864 2157 933 la-

1165 962 1281 1031 bores.
1333 959 1501 1052 Propono
1519 977 1636 1033 autem
1652 964 1896 1057 quaestionem
1913 989 1955 1035 ex
1971 964 2159 1056 Decalogo,

1165 1086 1272 1158 quern
1300 1086 1397 1130 nnnc
1420 1063 1579 1156 quotidie
1604 1065 1714 1140 disco.
1771 1062 1821 1136 Et
1843 1091 1924 1135 curn
1946 1067 2156 1158 fonslegum
2189 1102 2204 1161 a,

1165 1165 1229 1251 sit,
1251 1165 1345 1233 dicta
1359 1164 1512 1233 inlibris
1527 1166 1651 1236 vestris
1666 1190 1860 1257 congruere
1873 1192 1952 1237 cum
1964 1193 2007 1239 eo
2022 1170 2157 1240 debent.

1269 1265 1381 1356 Saepe
1411 1280 1527 1335 antem
1551 1269 1675 1340 dicunt
1697 1269 1804 1338 vestri
1832 1269 2046 1361 scriptores,
2086 1270 2157 1343 iure

1166 1382 1314 1438 naturae
1335 1390 1437 1435 nsum
1460 1392 1580 1438 rerum
1602 1392 1664 1439 seu
1694 1370 1932 1461 possessiones
1955 1395 2158 1444 communes
2202 1378 2204 1459 ζ

1167 1493 1260 1555 esse,
1293 1482 1328 1539 et
1350 1468 1481 1538 alicubi
1506 1470 1647 1558 dicitis,
1681 1496 1747 1540 nec
1772 1472 1861 1542 iuris
1876 1473 1993 1542 divini
2014 1497 2090 1545 esse
2106 1475 2158 1544 di·
2199 1504 2204 1571 J

1166 1571 1391 1641 stinctioncm
1406 1572 1662 1643 dominiorum.
1702 1571 1799 1644 llaec
1812 1598 1858 1643 an
1871 1599 1953 1644 vere
1968 1575 2066 1648 dicta
2080 1579 2158 1658 sint,

1167 1674 1359 1760 interrogo.
1418 1673 1473 1742 Ac
1494 1675 1649 1765 primum
1664 1689 1912 1766 argumentor,
1936 1700 2159 1772 nequequam

1167 1799 1249 1844 vere
1265 1774 1356 1844 dicta
1375 1797 1461 1847 esse.

1269 1875 1488 1964 Decalogum
1504 1898 1578 1944 esse
1589 1873 1678 1945 iuris
1693 1876 1807 1946 divini
1823 1893 1857 1950 et
1872 1879 2069 1966 naturalis,
2088 1905 2159 1950 non

1168 1979 1318 2049 dubium
1336 1992 1401 2047 est.
1450 1973 1516 2047 Est
1530 1977 1627 2048 enirn
1649 1993 1791 2049 aeterna
1807 1994 1842 2050 et
1854 1980 2004 2053 immota
2022 1983 2159 2076 sapien-

1168 2080 1215 2150 tia
1231 2078 1318 2164 Dei,
1353 2080 1454 2149 cuius
1472 2079 1564 2149 radii
1581 2079 1620 2147 in
1635 2073 1824 2151 hominum
1840 2098 1977 2155 mentes
1995 2081 2159 2156 transfusi
2193 2068 2200 2093 ⁸

1167 2196 1269 2266 sunt,
1303 2193 1343 2249 ut
1362 2182 1568 2251 discernant
1591 2176 1740 2252 honesta
1761 2198 1796 2254 et
1817 2184 1955 2276 turpia,
1990 2202 2028 2258 et
2039 2201 2082 2259 ut
2095 2182 2159 2257 hos

1168 2285 1282 2375 ipsum
1298 2282 1490 2352 discrimen
1504 2278 1683 2367 ostendat,
1709 2286 1825 2376 qualis
1839 2289 1885 2357 sit
1898 2286 2010 2360 Deus.

1267 2383 1410 2456 Sancite
1434 2398 1486 2454 est
1506 2398 1625 2454 autem
1645 2385 1827 2460 distinctio
1841 2386 2101 2462 Dominiorom
2125 2389 2160 2458 in

1169 2500 1369 2580 praecepto:
1405 2484 1487 2556 Non
1504 2486 1638 2557 furtum
1654 2487 1772 2562 facies.

1272 2585 1384 2677 lgitur
1397 2588 1581 2658 distinctio
1595 2588 1851 2660 Dominiorum
1868 2604 1918 2661 est
1929 2587 2022 2662 iuris
2035 2590 2159 2665 divini.

1269 2686 1410 2759 Deinde
1433 2706 1567 2761 certum
1603 2704 1674 2771 eat,
1711 2692 1862 2763 noticias
1892 2708 2158 2786 praeceptorum

1170 2791 1348 2861 naturales
1366 2791 1605 2861 immutabiles
1626 2815 1711 2864 esse.
1767 2791 1869 2865 Utin
1888 2794 1989 2863 omni
2010 2796 2159 2864 aeterni-

1169 2888 1245 2963 tate
1265 2917 1368 2962 verae
1391 2905 1476 2963 sunt
1498 2895 1774 2986 propositiones:
1807 2894 1915 2966 Solus
1938 2921 2045 2969 verus
2068 2897 2158 2972 nen

1168 3009 1220 3066 est
1236 2993 1471 3064 invocandus:

1270 3095 1444 3166 lnnocens
1465 3119 1539 3166 non
1563 3110 1614 3168 est
1634 3096 1869 3168 occidenduss
1902 3096 2025 3188 Vagae
2041 3098 2158 3170 libidi-

1169 3221 1232 3267 nes
1247 3195 1399 3267 inomni
1414 3200 1621 3270 aeternitate
1637 3199 1828 3291 displicent
1842 3197 1933 3275 Deo.

1274 3297 1327 3369 lta
1363 3300 1393 3370 si
1425 3300 1557 3371 noticia
1586 3301 1758 3372 naturalis
1790 3316 1897 3384 esset,
1941 3301 2157 3395 praecipiens

1171 3424 1395 3471 communem
1418 3427 1521 3472 usum
1542 3427 1681 3488 rerum,
1713 3427 1787 3472 non
1809 3416 1899 3474 esset
1928 3421 2077 3477 mutata.

1269 3500 1348 3572 Hae
1363 3518 1446 3574 surrt
1463 3504 1616 3574 illustres
1633 3518 1667 3575 et
1682 3528 1785 3574 verae
1798 3505 1966 3578 rationes.

1272 3601 1394 3692 Quare
1424 3606 1580 3676 indicto
1604 3605 1940 3678 iurisconsultorum
1975 3622 2038 3680 aut
2067 3631 2159 3679 error

1170 3720 1240 3786 est,
1275 3718 1336 3775 aut
1364 3707 1550 3798 explicatio
1577 3710 1740 3778 addenda
1763 3721 1824 3777 est.

1270 3805 1342 3877 Nec
1358 3807 1579 3898 Augustinus
1595 3826 1688 3881 recte
1701 3812 1945 3882 accommodat
1963 3809 2159 3881 Psalmnm:

1171 3908 1317 3980 Domini
1333 3926 1383 3981 est
1397 3925 1489 3980 terra
1506 3927 1537 3979 et
1554 3910 1738 4001 plenitudo
1753 3912 1841 3983 eius.
1892 3910 1985 3983 Nam
1999 3910 2087 3984 baec
2099 3937 2161 3983 ror

2107 128 2112 136 '
2186 142 2191 175 t

1171 4035 1244 4079 ιιοο
1270 4012 1365 4083 tollit
1388 4013 1499 4102 legem
1523 4009 1609 4096 Dei,
1643 4037 1734 4106 quae
1758 4013 1895 4108 inquit:
1932 4013 2016 4084 Non
2031 4017 2160 4086 tarnum
2189 4017 2196 4034 '

1170 4113 1285 4182 facies.
1325 4113 1424 4183 'luto
1455 4115 1538 4207 quia
1559 4111 1707 4184 Domini
1731 4130 1782 4185 est
1811 4132 1926 4199 terra,
1962 4117 2049 4211 quia
2074 4115 2162 4188 Deos

1167 4204 1355 4285 esttecum
1374 4217 1537 4287 omnium
1561 4239 1720 4286 summus
1732 4214 1931 4304 Dominus,
1954 4220 2040 4290 ideo
2056 4218 2163 4290 sancit

1170 4317 1304 4406 legem,
1331 4343 1417 4410 quas
1431 4317 1743 4394 rescuiattrilsuat.
1795 4316 1841 4390 Et
1857 4326 2065 4416 qumquam
2085 4344 2163 4392 voce

1170 4418 1394 4508 rrrstgistratus
1420 4421 1456 4488 in
1481 4421 1614 4491 iudicio
1639 4421 1772 4504 utitur,
1804 4422 1895 4494 sicut
1910 4422 1948 4493 in
1964 4422 2103 4494 iudicio
2123 4425 2162 4494 tle

1171 4513 1387 4604 lrornicidio,
1412 4537 1530 4593 tamen
1550 4548 1623 4592 non
1638 4523 1816 4615 sequitur,
1833 4522 1957 4615 'Reges
1977 4543 2013 4598 et
2027 4524 2162 4598 Princi-

1170 4646 1232 4713 pes
1252 4647 1352 4715 posse
1371 4625 1514 4700 auterre,
1526 4651 1566 4695 ac
1590 4624 1709 4716 largiri
1727 4650 1956 4721 quascunque
1975 4651 2054 4715 res,
2088 4627 2163 4725 qui·

1170 4724 1238 4792 bns
1254 4720 1383 4809 velint,
1415 4731 1506 4798 sicut
1521 4751 1585 4796 nec
1603 4731 1648 4795 de
1669 4726 1741 4796 vita
1757 4720 1914 4798 hominis
1931 4728 2091 4802 statuere
2105 4752 2162 4801 suo

1170 4826 1320 4897 arbitrio
1347 4846 1502 4919 possunt.
1565 4827 1759 4921 Reguntur
1777 4824 1862 4916 haec
1885 4831 2045 4920 legibus,
2079 4856 2163 4928 quae

1170 4941 1252 4997 sunt
1266 4930 1437 5022 sapientia
1453 4927 1539 5014 Dei,
1565 4931 1697 5024 quibus
1710 4944 1742 4999 et
1761 4929 1827 5022 ipsi
1842 4930 1958 5020 Reges
1975 4949 2009 5004 et
2026 4930 2163 5006 Princi-

1169 5053 1231 5120 pes
1251 5033 1494 5124 obtemperare
1517 5033 1658 5107 debent.
1717 5031 1793 5102 Nec
1815 5036 1885 5105 sint
1900 5032 2089 5129 Principes
2103 5033 2163 5130 δη-

1167 5124 1347 5224 μοβόροι,
1366 5159 1438 5204 non
1450 5136 1640 5227 rapiautex
1654 5133 2039 5220 alienisfnrultatibnt,

1169 5247 1244 5302 tum
1262 5238 1406 5317 volunt,
1426 5240 1486 5304 sed
1503 5237 1659 5326 regulam
1673 5233 1843 5307 lobannis
1856 5256 2018 5311 servent:
2046 5162 2163 5314 gliris

126 5329 430 5422 praeceptoribus,
450 5329 546 5422 quod
560 5351 641 5398 cum
650 5327 794 5428 faciam,
818 5354 898 5417 oro,
921 5332 1117 5403 otrentum
1168 5337 1326 5409 conteuti
1341 5339 1529 5432 stipendiis
1549 5339 1684 5411 restris.
