4546 5760
112 187 190 262 1δό
435 201 439 205 ’
692 181 1119 275 Quessstontts
1147 181 1554 261 ACADEMICAE.
2065 177 2142 255 ⁸60

114 357 232 431 nostri
251 355 331 427 lesu
346 352 497 443 Christi,
517 355 712 443 discernis,
741 359 935 452 praecipue
955 361 1100 454 prodest
1124 359 1130 461 l
1154 385 1233 432 mus
1248 361 1364 456 loqui:
1388 356 1487 430 Haec
1504 358 1639 450 agnitio
1657 356 1725 427 lilii
1737 378 1782 426 oo
1796 353 1996 425 necessaria
2020 365 2091 438 ost,
2106 366 2143 424 rt

114 459 189 532 huc·
199 471 354 530 mentem
369 473 474 552 atque
487 460 610 529 oculos
626 460 776 545 referre,
800 474 905 555 teque
925 457 995 533 hoc
1022 462 1100 555 ipso
1153 479 1193 535 ut
1216 465 1291 534 lilio
1316 464 1497 535 tribuatur
1520 462 1663 532 debitus
1686 453 1820 543 bonos,
1850 471 1887 528 et
1920 471 1963 529 ut
1987 454 2142 527 sciamus

99 562 381 640 ,evidentissimo
396 561 598 632 testimonio
618 559 782 652 Apostoli
797 564 940 634 munire
956 589 996 635 ac
1011 589 1100 636 con·
1125 518 1129 643 l
1153 590 1234 636 eum
1248 590 1331 636 vere
1348 565 1588 636 invocandum
1602 585 1698 646 csse,
1723 575 1758 632 et
1774 560 1942 632 exaudire
1964 559 2140 628 invocan-

115 667 267 738 firmare.
320 662 456 752 Quanti
473 688 554 733 vero
573 666 746 733 momenti
773 663 836 750 sit,
862 679 1019 761 etquam
1043 691 1100 736 sa·
1153 683 1225 754 tes,
1256 683 1291 739 ct
1327 670 1443 759 ipsum
1475 668 1624 737 missum
1649 688 1744 749 csse,
1776 677 1818 734 ut
1842 662 2055 732 immutate
2079 684 2141 754 per

115 767 241 865 lutaris
270 766 456 857 explicatio
479 761 588 836 huius
619 767 824 851 doctrinae,
855 784 1101 863 quantumque
1152 772 1269 862 ipsum
1296 786 1436 842 aeterna
1460 765 1619 839 Ecclesia
1642 767 1849 857 colligatur,
1872 778 2042 855 regatur,
2065 784 2140 835 ser·

116 868 310 939 necessaria
326 868 364 936 in
377 867 477 937 omni
493 892 575 937 vera
589 868 832 955 invocatione,
854 874 1049 942 ostendunt
1065 885 1100 943 ct
1152 887 1276 958 vetur,
1302 889 1337 944 et
1361 872 1530 943 advitam
1553 885 1734 941 aeternam
1753 892 1793 938 ex
1809 881 1926 937 morte
1943 879 2136 940 revocetur.

115 987 233 1042 vetera
258 969 451 1040 certamina
478 982 555 1040 orta
576 994 618 1039 ex
643 971 996 1063 interpretationibus
1013 973 1098 1042 alie-
1151 973 1222 1045 Hic
1241 1000 1326 1047 usus
1345 973 1528 1044 doctrinae
1545 967 1654 1043 huius
1670 971 1830 1065 quotidie
1853 969 1894 1044 in
1911 968 2138 1039 invocatione

116 1076 174 1142 nis
193 1074 384 1142 verborum
399 1068 582 1164 Apostoli,
609 1085 644 1143 et
664 1095 786 1142 recens
802 1071 940 1144 Serveti
964 1076 1099 1147 tumul·
1152 1078 1360 1166 cogitandus
1379 1091 1440 1148 est.
1492 1073 1566 1145 Nec
1582 1098 1665 1144 vero
1681 1074 1826 1144 uliares
1847 1070 2136 1162 cogitationedi·

116 1190 193 1253 tus,
219 1199 291 1269 quo
308 1174 452 1246 turbare
466 1168 670 1245 Catholicae
685 1171 864 1247 Ecclesiae
886 1200 1097 1247 consensum
1152 1181 1255 1269 gnior
1273 1193 1343 1264 est,
1368 1203 1474 1272 quam
1495 1173 1604 1247 huius
1625 1176 1781 1245 mirandi
1802 1175 1975 1260 laederis,
2011 1171 2138 1243 videli-

116 1276 262 1346 molitus
283 1290 345 1346 est.
403 1272 549 1361 Etenim
572 1273 689 1347 adhuc
717 1280 902 1370 superstite
925 1277 1097 1373 Apostolo
1152 1296 1205 1351 cet
1230 1281 1467 1374 copulationis
1490 1280 1634 1348 divinae
1660 1293 1695 1348 et
1719 1273 1898 1347 humanae
1922 1289 2076 1346 naturae
2100 1274 2136 1343 in

116 1373 298 1468 Iohanne,
323 1376 468 1448 Hebion
484 1391 520 1447 et
535 1372 753 1450 Chcrinthus
768 1382 1099 1467 contenderunt,in
1150 1379 1306 1456 Christo.
1359 1383 1429 1456 Sed
1449 1377 1575 1451 dehac
1597 1394 1694 1452 tanta
1717 1404 1774 1463 re,
1800 1401 1931 1472 quaeso
1951 1391 1996 1450 ut
2017 1377 2137 1466 copio-

115 1476 260 1552 Christo
279 1493 416 1551 tantum
441 1503 515 1550 esse
531 1474 723 1551 humanam
749 1495 924 1554 naturam.
977 1482 1098 1572 Quare
1150 1485 1224 1555 sius
1241 1485 1577 1558 dicatReverendus
1594 1483 1666 1568 vir,
1681 1479 1860 1552 Dominus
1874 1473 2137 1551 Doctoercr·

115 1587 161 1652 ab
173 1580 342 1654 Ecclesiis
361 1579 468 1652 Asiae
486 1595 629 1671 rogatus
647 1578 844 1669 lohannes,
867 1598 908 1654 ut
928 1587 1099 1656 refutaret
1148 1585 1236 1683 gius
1251 1582 1401 1673 Maior,
1424 1612 1528 1680 quem
1545 1599 1580 1655 et
1596 1597 1741 1677 propter
1756 1585 1868 1676 ipsius
1886 1583 2079 1661 virtutem,
2093 1592 2137 1650 et

115 1680 181 1755 hos
203 1687 361 1778 furores,
391 1685 509 1757 voluit
526 1681 712 1774 Evangelii
735 1687 939 1756 narratione
966 1689 1097 1781 scripta
1148 1703 1295 1781 propter
1317 1703 1498 1783 paternam
1523 1686 1736 1773 amicitiam,
1773 1686 1885 1775 diligo
1911 1697 1948 1772 et
1973 1705 2136 1756 veneror.

116 1801 233 1857 extare
259 1782 467 1879 perpetuum
497 1811 536 1856 ac
567 1787 811 1858 firmissimum
841 1790 1097 1874 testimonium,
1148 1789 1242 1865 Dixi.

116 1891 161 1958 de
186 1890 324 1959 duabus
351 1889 489 1959 naturis
515 1888 554 1958 in
572 1889 647 1958 filio
670 1886 754 1974 Dei,
786 1903 872 1961 nato
895 1914 937 1961 cx
959 1892 1096 1982 virgine

1 2073 3 2079 .
114 1990 245 2066 Maria.
296 1989 403 2080 Quod
421 1991 538 2081 ipsum
558 2005 677 2061 tamen
699 2006 819 2083 postea
835 1991 1097 2079 samosatenus,
1195 2031 1262 2100 a„
1303 2032 1372 2100 ,mg
1401 2029 1531 2100 Geor
1578 2030 1615 2097 3,-
1644 2029 1874 2098 Magm,
1935 2027 2092 2099 Dm

114 2088 309 2177 Photinus,
334 2091 501 2174 Praxeas,
528 2106 562 2162 et
584 2095 646 2163 alii
668 2094 813 2164 fanatici
836 2109 948 2166 astute
969 2099 1096 2190 depra·
1261 2053 1302 2115 po
1541 2050 1752 2218 {mom
1881 2078 1892 2116 ⁹

115 2219 199 2265 vare
218 2209 325 2289 atque
343 2196 487 2265 eludere
508 2197 626 2265 conati
648 2208 749 2276 sunt,
781 2197 1009 2288 impudenter
1028 2200 1096 2268 lin-

115 2311 254 2387 gentes,
281 2291 396 2396 λόγην
415 2321 490 2367 ηοη
512 2297 710 2388 significare
732 2292 1009 2395 ὑφιστάμενον,
1034 2324 1096 2371 seu
1223 2291 1458 2363 Verissimum
1477 2294 1639 2386 estquod
1656 2291 1763 2376 dicis,
1785 2287 1964 2360 carissime
1972 2279 2134 2387 Carpat,

115 2400 309 2470 subsistens
324 2401 445 2470 vivum
460 2423 501 2469 ac
515 2400 721 2473 distinctum
739 2426 757 2471 a
773 2401 897 2482 Patre,
922 2406 982 2472 sed
998 2404 1097 2494 cogi·
1147 2397 1284 2467 nullam
1308 2419 1382 2464 rem
1399 2393 1613 2484 cogitatione
1628 2394 1828 2484 digniorem
1850 2414 1945 2475 csse,
1971 2390 2134 2460 conside-

115 2502 284 2571 tationem
311 2515 594 2588 evanescentem,
626 2527 690 2572 scu
717 2505 937 2596 propositum
968 2502 1096 2586 Patris,
1146 2498 1285 2569 ratione
1319 2497 1386 2565 lilii
1418 2496 1505 2576 Dei,
1541 2509 1575 2567 et
1599 2492 1668 2566 hoc
1692 2495 1857 2564 mirando
1879 2493 2032 2562 consilio
2054 2490 2134 2572 Dei,

115 2627 191 2674 non
216 2604 424 2675 distinctum
446 2627 467 2673 a
490 2602 617 2696 Patre,
653 2629 718 2674 nec
747 2630 811 2697 per
833 2630 870 2675 se
892 2606 1098 2693 subsistens,
1147 2603 1244 2697 quod
1268 2599 1381 2668 filium
1406 2601 1451 2668 ad
1471 2594 1665 2668 Ecclesiam
1690 2598 1801 2666 misit·
1855 2593 1929 2666 Nec
1950 2619 2036 2664 vem
2063 2592 2133 2664 ulls

115 2709 179 2775 sed
197 2707 348 2775 velutin
364 2700 558 2775 Architecti
575 2720 692 2776 mente
708 2707 883 2777 lucentem
900 2709 1015 2777 ideam
1038 2710 1098 2780 fu·
1147 2727 1203 2774 res
1229 2704 1297 2795 piis
1325 2700 1536 2791 ampliorem
1568 2715 1604 2770 et
1627 2700 1826 2769 dulciorem
1853 2697 2132 2783 consolationem

115 2809 187 2878 turi
212 2808 328 2899 operis
353 2808 530 2878 condendi
551 2832 591 2878 ac
615 2810 859 2883 conservandi.
910 2808 1008 2880 Haec
1029 2813 1098 2881 im·
1149 2807 1281 2887 adfert,
1307 2827 1413 2898 quam
1430 2798 1517 2873 haec
1532 2803 1608 2894 ipsa
1624 2801 1789 2892 cogitatio
1807 2802 1852 2869 de
1867 2799 1943 2868 hlio
1958 2795 2041 2882 Dei,
2055 2798 2131 2891 quis

116 2909 175 3000 pia
190 2910 388 3001 corruptela
408 2909 546 2980 levibus
569 2911 723 3001 ingeniis
746 2924 782 2982 et
805 2926 892 2983 tunc
907 2927 1005 3002 grata
1019 2912 1098 2996 fuit,
1147 2909 1213 2992 sit,
1239 2931 1303 2978 cur
1326 2904 1454 2976 missus
1478 2905 1543 2989 Sil,
1570 2929 1660 3002 quae
1680 2904 1753 2973 sint
1768 2903 1844 2972 ⁰5⁰⁸
1861 2901 2007 2993 propria
2025 2902 2131 2971 bene·

117 3024 152 3082 et
166 3034 263 3082 nunc
277 3025 423 3104 propter
438 3012 713 3083 concinnitatem
726 3015 848 3083 multis
866 3015 1062 3089 blanditur.
1147 3010 1243 3094 heia,
1270 3030 1361 3102 quae
1385 3008 1429 3076 de
1450 3007 1526 3099 ipso
1549 3006 1678 3078 tradita
1701 3006 1775 3076 sint
1793 3002 2011 3075 testimonia.
2062 3000 2131 3073 Sit-

218 3113 288 3186 Sed
305 3126 357 3184 est
372 3115 411 3183 in
426 3114 502 3207 ipsa
520 3116 610 3185 serie
631 3116 848 3185 narrationis
863 3120 956 3208 apud
968 3114 1099 3188 lohan-
1148 3137 1217 3206 que
1239 3135 1281 3181 eo
1304 3109 1411 3179 nohis
1432 3108 1566 3200 gratior
1589 3105 1676 3179 haec
1702 3107 1888 3198 cogitatio,
1913 3118 1955 3176 ut
1970 3103 2131 3174 diabolos

117 3239 199 3283 nem
213 3217 438 3285 manifestum
453 3230 488 3286 et
503 3216 649 3285 evidens
668 3216 931 3303 testimonium,
951 3244 1023 3312 quo
1040 3245 1099 3289 re-
1148 3218 1306 3285 lucentes
1320 3212 1404 3282 odio
1421 3211 1487 3280 lilii
1508 3212 1741 3305 repellamus.
1767 3209 1832 3303 qui
1856 3203 1924 3278 hoc
1944 3208 2131 3298 praecipue

117 3318 221 3385 tundi
246 3342 285 3387 ac
308 3318 457 3387 refutari
488 3317 635 3388 istorum
660 3319 785 3388 deliria
812 3322 995 3412 perspicue
1018 3347 1099 3416 pos-
1148 3330 1257 3407 agunt
1277 3315 1316 3384 in
1340 3314 1504 3383 maximis
1525 3313 1795 3384 confusionibus
1821 3310 1958 3400 generis
1976 3305 2132 3391 humani,

118 3433 211 3490 sunt.
263 3415 376 3490 Addit
397 3420 493 3489 enirn
521 3423 565 3491 de
588 3416 747 3493 Christo:
784 3421 828 3492 In
851 3426 984 3495 mundo
1014 3439 1099 3510 erat,
1148 3435 1189 3492 ut
1211 3414 1347 3489 Christi
1372 3417 1538 3486 noticiam
1563 3418 1724 3500 deleant,
1758 3429 1792 3484 et
1812 3412 2050 3483 contumelias
2071 3413 2130 3479 ad-

119 3523 324 3590 elmundus
340 3523 529 3614 peripsum
545 3524 658 3593 sactus
675 3539 744 3609 est,
771 3527 867 3619 quod
882 3527 928 3595 de
943 3523 1099 3597 hnmana
1148 3545 1270 3592 versus
1290 3544 1371 3590 eum
1397 3519 1592 3590 cumulent.
1645 3515 1697 3588 lta
1718 3516 1825 3587 initio
1848 3515 1941 3585 inter
1956 3507 2130 3585 Ethnicos

118 3634 244 3691 natura
267 3636 445 3715 assumpta
472 3649 513 3693 ex
540 3624 679 3715 virgine
705 3629 847 3720 proprie
880 3629 992 3720 accipi
1025 3653 1100 3700 non
1148 3624 1298 3694 extincta
1323 3635 1374 3690 est
1395 3621 1455 3690 lux
1476 3621 1743 3713 promissionis,
1773 3617 1867 3689 etin
1896 3617 1976 3707 ipso
1999 3615 2130 3708 populo

117 3735 242 3815 potest.
287 3728 291 3745 ²
1150 3724 1275 3808 lsrael,
1302 3746 1382 3794 cum
1397 3720 1519 3791 Patres
1535 3738 1569 3793 et
1584 3718 1783 3814 Prophetae
1805 3732 1839 3790 et
1863 3718 1977 3812 aliqui
2001 3718 2054 3811 pii
2079 3741 2131 3786 re·

219 3824 368 3895 Necesse
402 3839 453 3896 est
475 3828 585 3918 igitur
619 3831 901 3905 constantissime
934 3831 1099 3920 amplecti
1148 3842 1202 3897 cte
1219 3839 1466 3917 agnoscerent,
1490 3825 1718 3904 invocarent,
1745 3838 1779 3893 et
1796 3822 2019 3892 celebrarent
2035 3817 2131 3889 Mes·

118 3928 350 4014 sententiam,
375 3932 470 4021 quod
488 3931 525 3998 in
542 3925 685 4002 Christo
698 3932 743 4002 sit
764 3946 798 4002 et
814 3932 954 4001 maneat
972 3946 1098 4002 natura
1148 3931 1254 4015 siam,
1280 3943 1401 3998 tamen
1426 3921 1609 3996 Pharisaei
1631 3926 1749 3996 etalii
1773 3925 1875 4015 impii
1898 3923 2029 3993 amissa
2055 3922 2132 3992 luce

118 4029 259 4112 divina,
294 4031 471 4102 conditrix
492 4057 572 4102 cum
596 4032 719 4117 Patre,
753 4033 853 4126 quasi
878 4033 1099 4105 deliberante
1147 4030 1413 4123 promissionis,
1439 4049 1542 4098 veros
1563 4024 1717 4097 honores
1732 4022 1877 4098 Christo
1890 4024 2132 4096 detraxerunt·

118 4154 197 4201 cum
214 4130 309 4202 Filio
327 4147 361 4202 et
374 4147 567 4219 statuente,
591 4137 635 4205 de
651 4161 720 4229 qua
743 4137 874 4206 diserte
894 4137 999 4206 dicit:
1051 4135 1099 4208 Et
1149 4133 1199 4206 lta
1223 4147 1343 4224 postea
1367 4131 1629 4201 illustrantibus
1648 4127 1831 4222 Apostolis
1853 4152 1974 4198 veram
2000 4127 2132 4198 doctri·

119 4247 194 4303 erat
205 4226 314 4331 λόγος
336 4238 430 4328 apud
445 4232 573 4312 Deum.
626 4235 732 4307 ltem:
751 4236 915 4316 ¹Verbum
939 4261 1020 4308 caro
1045 4241 1099 4309 la·
1146 4260 1250 4320 nam,
1274 4231 1414 4317 Ebion,
1439 4226 1680 4317 Cherinthus,
1701 4247 1736 4303 et
1749 4232 1915 4323 deinceps
1931 4230 2041 4303 multi
2056 4229 2131 4299 bla-

119 4349 212 4404 ctum
229 4349 297 4422 est,
322 4337 361 4406 id
387 4352 457 4418 cst,
483 4361 557 4409 non
576 4338 683 4409 Pater
698 4352 760 4410 aut
776 4338 930 4431 Spiritus
946 4354 1099 4428 sanctus,
1147 4334 1324 4431 sphemias
1339 4348 1556 4426 sparserunt,
1581 4336 1696 4406 donec
1709 4333 1907 4418 diabolicae
1920 4332 2039 4402 furiae
2051 4329 2131 4401 Ma-

118 4438 178 4505 sed
201 4431 311 4535 λόγος
330 4432 527 4530 ὅμοούσιος
549 4453 584 4511 et
607 4456 813 4512 coaeternus
832 4457 974 4513 aeterno
988 4441 1097 4518 Patri.
1147 4437 1304 4523 hometi,
1329 4438 1494 4529 dogmate
1508 4438 1664 4509 etermis
1678 4436 1878 4507 doctrinam
1899 4435 1943 4504 de
1959 4435 2041 4505 lilio
2065 4429 2131 4503 Dei

116 4535 197 4617 Huc
220 4540 460 4630 adiungantur
479 4556 515 4614 ct
533 4542 663 4613 similia
678 4543 869 4615 certissima
885 4545 1097 4632 testimonia,
1146 4544 1186 4613 in
1218 4563 1345 4631 magna
1379 4553 1480 4632 parte
1520 4541 1658 4630 generis
1689 4535 1859 4618 humani,
1909 4537 2130 4607 deleverunt.

118 4653 157 4710 nt
172 4638 394 4712 Colossenses
411 4647 542 4735 primo:
569 4641 706 4716 Omnia
731 4670 794 4738 per
816 4645 932 4739 ipsum
954 4648 1096 4719 condita
1148 4642 1264 4736 Papa,
1281 4637 1472 4726 Monachi,
1488 4654 1523 4711 et
1535 4643 1641 4713 multi
1651 4641 1857 4733 scriptores,
1876 4637 2018 4735 etiamsi
2026 4637 2130 4732 Syrn-

117 4756 218 4821 sunt,
235 4757 268 4812 et
285 4744 359 4834 ipse
376 4759 427 4815 est
444 4759 525 4817 ante
542 4749 680 4834 omnia,
700 4749 892 4843 omniaque
907 4750 1096 4841 peripsum
1148 4747 1229 4818 bola
1245 4769 1320 4816 non
1334 4746 1559 4827 deleverunt,
1585 4758 1704 4813 tamen
1719 4745 1764 4813 de
1780 4741 1962 4812 beneficiis
1977 4735 2132 4820 liliillei,

117 4844 324 4917 consistunt.
376 4843 422 4916 Et
440 4844 565 4919 lohan.
581 4849 617 4921 8.
633 4850 751 4944 inquit
766 4847 957 4923 Dominus:
984 4848 1097 4922 Ante·
1146 4851 1243 4921 etde
1259 4850 1334 4919 eius
1351 4846 1578 4917 invocatione
1594 4858 1776 4916 nonrecte
1796 4847 2009 4917 docuerunt.
2061 4840 2130 4913 sed

118 4970 223 5039 quam
256 4942 439 5017 Abraham
472 4966 698 5037 nasceretur,
734 4976 798 5043 ego
827 4977 915 5027 sum.
974 4953 1098 5044 Quid?
1145 4952 1236 5022 vivit
1256 4951 1351 5022 filius
1368 4947 1456 5029 Dei,
1489 4962 1523 5019 et
1544 4948 1719 5042 serpentis
1739 4962 1845 5042 caput
1867 4947 2083 5025 conculcat,¹
2098 4955 2131 5015 ct

115 5050 212 5141 quod
238 5050 342 5120 toties
367 5053 540 5143 scriptura
566 5047 662 5136 hunc
680 5055 904 5145 unigenitum
934 5058 1050 5127 filium
1076 5082 1095 5128 a
1145 5054 1385 5138 conculcabit,
1409 5074 1450 5120 ac
1466 5051 1621 5145 aliquam
1635 5047 1831 5121 Ecclesiam
1847 5072 1987 5140 semper
2008 5047 2050 5118 in
2074 5070 2129 5139 ge·

115 5151 199 5219 liliis
220 5152 434 5242 adoptionis
464 5155 660 5226 discernit?
692 5171 733 5228 ut
764 5159 951 5238 convincat
983 5159 1096 5250 ipsam
1145 5180 1231 5226 nere
1247 5152 1405 5225 humano
1426 5167 1559 5238 servat,
1586 5153 1644 5223 cui
1667 5153 1752 5248 quia
1777 5175 1845 5222 nos
1867 5176 2013 5246 quoque
2036 5150 2130 5220 inse·

112 5248 248 5322 Christi
271 5247 480 5328 ὑπόστασιν
501 5280 574 5326 esse
596 5259 774 5344 divinam,
801 5274 836 5331 et
859 5261 1034 5354 integram
1056 5286 1097 5332 ac
1145 5260 1239 5343 ruit,
1253 5258 1427 5328 laetemur
1441 5257 1518 5326 eius
1532 5255 1717 5340 beneficio,
1732 5255 1811 5326 etei
1827 5254 1958 5344 gratias
1976 5273 2131 5343 agamus.

112 5354 377 5427 substantialem
395 5359 584 5448 imaginem
597 5359 713 5432 Patris
733 5363 778 5432 ad
803 5363 916 5451 intra,
940 5379 982 5436 ut
1003 5364 1096 5437 sole·
1119 5364 1123 5444 i
1148 5358 1294 5435 Utinam
1320 5375 1438 5432 autem
1458 5382 1595 5452 possem
1616 5360 1661 5428 de
1683 5353 1750 5428 hac
1764 5356 1973 5452 quaestione
1994 5355 2132 5426 medio-
