4552 5766
55 216 139 297 Ml·
420 296 424 301 ,
504 213 817 310 ALLOQUIA
866 212 941 289 ET
991 201 1228 287 BREVES
1274 200 1631 282 CONCIONES'.
2008 203 2091 285 Μ

159 393 255 471 Cum
270 408 389 469 autern
404 394 564 491 qnotidie
584 406 829 487 praeceptores
841 404 977 463 vestros
1004 390 1047 461 ed
1097 386 1178 456 dem
1200 403 1338 476 poenae
1358 382 1575 476 oppriment.
1628 376 1700 452 Sed
1723 381 1769 451 de
1791 379 1940 451 caeteris
1954 381 2085 468 dicam,
2197 442 2199 447 ,

58 502 233 594 dignitate
262 524 303 571 ae
326 500 364 569 vi
386 498 505 589 legum
526 500 693 568 docentes
718 521 759 567 ac
791 493 1048 589 praecipientes
1095 510 1250 580 quorum
1272 508 1390 555 mores
1415 498 1500 557 sunt
1525 485 1598 577 apti
1624 482 1781 573 legibus,
1810 476 1878 553 hos
1900 478 2084 568 adhortor,

57 602 230 690 audiatis,
256 627 334 673 non
344 615 427 675 utar
440 600 600 690 longiore
617 600 846 690 praefatione.
888 594 1046 666 Tantum
1094 602 1135 660 ut
1159 613 1196 659 se
1222 590 1265 658 ad
1288 588 1407 678 legum
1429 611 1585 669 amorem
1610 602 1644 659 et
1668 586 1903 656 reverentiam
1926 586 2083 657 assuefa-

56 730 125 778 vos
139 704 411 790 Adulescentes,
437 688 556 798 quiin
572 701 701 771 studiis
723 702 907 771 literarum
928 721 1046 769 versa·
1094 691 1201 766 ciant.
1227 687 1318 763 Tale
1331 691 1549 786 tyrocinium
1564 703 1685 783 postea
1700 688 1739 757 in
1756 688 1893 782 reliqua
1909 688 1981 760 rita
1998 689 2083 781 plu·

56 810 168 891 mini,
193 805 339 895 hortor,
364 830 410 876 ne
434 817 552 875 vestro
577 803 693 873 officio
716 805 835 875 deesse
849 801 985 886 velitis,
1011 814 1046 871 et
1093 795 1224 866 rimum
1239 796 1395 886 prodest.
1445 792 1537 863 Nam
1561 788 1646 862 haec
1666 791 1852 882 diligentia
1876 814 2082 864 commone·

55 925 196 985 utnon
223 924 363 985 tantum
387 908 541 980 audiatis
564 901 659 977 hanc
689 907 808 998 legum
830 903 1046 998 publicatio·
1093 897 1176 969 iacit
1189 897 1293 968 rudia
1311 896 1453 988 ingenia
1469 897 1514 966 de
1527 896 1642 967 causis
1654 894 1790 984 legum,
1820 916 1910 988 quas
1933 893 2081 982 cogitari

56 1039 158 1102 nem,
181 1016 244 1085 sed
262 1014 368 1085 etiam
384 1033 521 1083 summa
536 1034 620 1081 cura
637 1010 808 1081 studeatis
823 1008 895 1078 vita
919 1021 953 1078 et
967 1030 1046 1076 mo-
1093 1012 1128 1070 et
1150 1000 1335 1084 meditari,
1360 998 1531 1093 sapientia
1555 1011 1608 1070 est
1628 994 1775 1068 homine
1790 995 2019 1089 dignissima,
2046 1009 2081 1067 et

56 1117 161 1189 ribus
177 1117 252 1186 illis
267 1138 401 1208 parere.
453 1112 561 1185 Scitis
582 1113 679 1182 enim
703 1109 820 1183 Deum
843 1106 936 1181 hanc
958 1108 1045 1180 obe-
1092 1103 1192 1174 utilis
1212 1103 1390 1189 moribus,
1413 1117 1448 1174 ct
1469 1101 1578 1171 flectit
1602 1101 1742 1170 animos
1765 1101 1811 1169 ad
1832 1101 2024 1184 virtutem,
2044 1112 2080 1171 et

56 1219 229 1291 dientiam
239 1217 630 1310 uonminusrcquirere
645 1215 786 1295 avobis,
803 1238 910 1308 quarn
925 1212 955 1281 si
969 1213 1045 1303 ipse
1092 1205 1236 1297 rapidos
1259 1204 1413 1296 impetus
1435 1198 1608 1277 cohercet.
1664 1201 1772 1272 Nulla
1807 1227 1877 1273 vox
1910 1195 2081 1285 humana,

56 1344 125 1394 arao
136 1322 249 1412 digito
265 1316 330 1391 has
343 1321 439 1410 leges
454 1319 727 1410 conscripsisset.
773 1315 896 1410 ltaque
914 1328 948 1385 et
961 1316 1045 1406 pul·
1094 1307 1194 1376 nulla
1210 1308 1434 1400 eloquentia,
1455 1306 1540 1375 satis
1555 1305 1728 1398 explicare
1743 1318 1879 1397 potest,
1905 1316 2079 1396 quantum

55 1419 233 1496 cherrima
255 1424 413 1517 praemia
437 1420 625 1513 proposuit
649 1419 742 1499 illis,
772 1419 835 1513 qui
858 1419 1044 1509 obtempe-
1092 1410 1227 1481 adferat
1246 1410 1409 1481 utilitatis
1435 1407 1623 1478 mediocris
1650 1422 1789 1479 tantum
1812 1431 1896 1493 cura
1918 1404 2082 1495 discipli-

57 1540 158 1609 rant‚
192 1540 229 1598 et
255 1525 413 1596 vicissim
444 1521 637 1595 horribiles
664 1544 796 1612 poenas
823 1520 914 1605 illis,
955 1542 1045 1614 quae
1092 1535 1174 1581 nae:
1221 1510 1389 1584 Primum
1406 1508 1483 1582 Deo
1508 1526 1605 1602 grata
1629 1525 1698 1591 est,
1729 1522 1850 1580 tuetur
1870 1508 1983 1578 multa
2005 1507 2078 1579 Dei

54 1628 315 1703 contumaciter
336 1637 554 1719 repugnant,
591 1625 683 1695 sicut
709 1623 828 1718 inquit
855 1623 1044 1716 scriptura:
1091 1614 1280 1699 beneficia,
1304 1613 1471 1707 impetrat
1484 1610 1721 1705 Reipublicae
1741 1633 1869 1700 magna
1891 1611 2078 1681 commoda
2162 1667 2164 1670 Α

54 1727 249 1803 Calamitas
263 1743 297 1803 et
312 1731 474 1802 confusio
487 1728 621 1800 accidet
638 1721 713 1813 his,
739 1727 801 1821 qui
816 1727 948 1796 nolunt
970 1725 1044 1817 pati
1092 1715 1224 1799 aneo,
1250 1728 1370 1789 luetur
1391 1740 1538 1808 corpora
1563 1730 1599 1789 et
1621 1715 1882 1799 valetudinem,
1907 1711 2011 1785 radix
2026 1727 2079 1785 est

54 1833 303 1924 disciplinam,
328 1830 440 1926 etqui
457 1835 705 1924 obtemperans
721 1828 951 1914 correctioni,
974 1822 1041 1897 ho.
1093 1832 1128 1890 et
1149 1814 1332 1889 inchoatio
1352 1819 1514 1890 omnium
1537 1818 1730 1901 virtutum,
1752 1815 1897 1888 instruit
1921 1813 2079 1906 ingenia,

53 1958 143 2007 nore
163 1936 375 2010 allicientur.
1092 1934 1131 1990 ut
1147 1921 1285 2012 possint
1299 1945 1372 1991 esse
1387 1921 1468 1991 usui
1483 1917 1663 1991 Ecclesiae
1675 1933 1711 1991 et
1726 1918 1972 2011 Reipublicae.
2009 1913 2079 1987 His

428 2051 522 2144 Lege
538 2050 691 2126 statuta·
1091 2023 1306 2093 utilitatibus
1323 2023 1458 2094 moveri
1475 2018 1638 2093 homines
1661 2047 1681 2091 a
1705 2036 1831 2092 natura
1855 2033 1948 2091 recte
1972 2019 2078 2088 insti-

1091 2139 1188 2196 tutos
1211 2125 1378 2199 arbitror.
1428 2123 1541 2196 Sede
1566 2127 1711 2215 regione
1725 2124 1832 2193 etiam
1848 2123 2076 2192 incommoda

432 2267 512 2336 pm
531 2267 683 2336 ΜΝ.
751 2316 753 2320 y
1091 2227 1288 2318 expendite.
1339 2226 1790 2311 Absitanostroordine,
1816 2237 1850 2295 et
1872 2248 1892 2292 a
1911 2235 1986 2293 toto
2010 2248 2078 2294 uo·

1090 2329 1188 2400 mine
1207 2324 1415 2401 Christiano
1437 2329 1610 2414 amentia,
1636 2352 1697 2398 seu
1721 2328 1824 2397 furor
1846 2326 1965 2417 potius
1987 2322 2077 2418 Epi-

159 2422 361 2500 Audivlstis
386 2427 498 2517 leges,
536 2450 628 2520 quae
655 2427 698 2495 ad
729 2427 903 2516 regendos
925 2447 1044 2495 mores
1090 2454 1297 2517 cursorum,
1322 2432 1385 2526 qui
1400 2455 1473 2500 non
1489 2443 1616 2522 putant
1636 2430 1737 2499 irasci
1754 2427 1871 2499 Deum
1886 2427 2077 2498 sceleribus

54 2543 212 2615 rubos,
238 2544 273 2603 et
294 2531 337 2598 ad
364 2528 459 2620 pacis
474 2528 735 2614 defensionem,
761 2528 863 2598 vobis
881 2524 1044 2619 proposi·
1090 2528 1278 2620 humanis,
1305 2558 1385 2604 curn
1402 2534 1499 2604 dicat
1518 2558 1587 2602 voa
1613 2532 1791 2602 coelestis:
1817 2529 1970 2623 Propter
1989 2523 2076 2599 haec

55 2634 224 2707 manns:
275 2629 383 2705 Scitis
397 2643 536 2716 autern,
558 2655 624 2701 nec
638 2654 738 2721 posse
764 2625 941 2701 humanos
963 2653 1044 2703 coe·
1089 2637 1190 2705 venit
1220 2635 1271 2705 ira
1297 2635 1364 2706 Dei
1398 2658 1505 2727 super
1535 2649 1770 2707 contumaces.
1828 2631 1940 2702 Ponit
1969 2631 2077 2721 igitur

55 2749 114 2807 tus
137 2735 216 2811 siue
238 2735 395 2825 legibus,
427 2732 505 2802 ⁸3⁰0
524 2733 651 2805 ⁰rdi¹¹⁰
674 2733 815 2824 ³15q11⁰s
837 2733 914 2802 ⁸5ss0
936 2732 1042 2803 disci·
1089 2735 1187 2808 Deus
1211 2736 1420 2830 disciplinae
1443 2750 1684 2830 contemptum
1717 2734 1871 2828 publicis
1904 2732 2077 2819 cladibus,

56 2835 159 2928 plina
180 2836 334 2921 retinere
360 2834 669 2929 tranquillitatem.
718 2831 766 2907 Et
792 2835 885 2905 velle
915 2831 1042 2915 Deum,
1089 2852 1123 2910 et
1139 2840 1288 2933 privatis
1304 2837 1575 2915 calamitatibus,
1615 2837 1794 2909 Mifflmur
1810 2835 1982 2907 Turcicis,
1996 2859 2078 2907 me.

54 2932 442 3032 buius‘puleherrimae
460 2950 495 3009 et
510 2936 734 3008 dulcissimae
750 2936 926 3011 societatis
939 2948 1043 3008 auto-
1090 2965 1223 3023 cessus,
1249 2955 1284 3012 et
1302 2942 1388 3012 alias
1399 2936 1578 3013 Ecclesiae
1594 2964 1797 3022 aerumnas,
1825 2963 1976 3033 quarum
1991 2962 2077 3009 cau-

55 3064 150 3126 tem,
175 3040 335 3132 singulos
349 3041 422 3113 suis
437 3039 719 3130 magistratibus,
744 3039 899 3130 legibus,
926 3040 1043 3111 etim·
1088 3068 1147 3115 sae
1171 3045 1303 3115 multae
1323 3057 1408 3117 sunt
1429 3056 1466 3115 et
1485 3067 1643 3135 magnae.
1694 3041 1763 3115 Sed
1782 3036 2081 3113 scholasticorum

54 3143 315 3237 periisparere.
368 3139 423 3213 De
438 3135 495 3213 his
510 3142 662 3212 vinculis
678 3142 793 3213 civilis
818 3142 911 3213 vitae
929 3155 964 3212 et
983 3165 1044 3211 so·
1091 3147 1263 3218 modestia
1286 3146 1353 3218 toti
1369 3142 1546 3218 Ecclesiae
1569 3146 1828 3239 mitigationem
1846 3143 2076 3236 publicorum

55 3245 192 3319 rietatis
219 3270 303 3343 cum
327 3245 490 3340 quotidie
520 3245 746 3335 gravissimae
777 3239 977 3315 habeantur
1003 3243 1040 3315 in
1092 3249 1267 3319 malorum
1294 3249 1484 3341 impetrare
1499 3263 1630 3340 posset.
1677 3247 1769 3318 Nam
1792 3261 1939 3340 propter
1957 3246 2077 3318 studia

55 3348 200 3440 templit
214 3363 250 3422 et
264 3347 304 3418 lu
322 3343 453 3425 scholis
471 3346 680 3431 conciones,
705 3371 781 3417 non
805 3346 921 3415 dicam
946 3368 1042 3417 nunc
1088 3352 1277 3444 praecipue
1290 3348 1388 3422 Deus
1408 3365 1594 3424 conservat
1618 3351 1778 3443 politias‚
1803 3363 1843 3422 ut
1865 3373 1969 3441 saepe
1992 3373 2077 3441 pro-

54 3450 240 3543 proliaius.
299 3448 412 3541 Spero
442 3459 560 3521 autem
582 3450 742 3522 modesta
766 3447 926 3539 ingenia,
960 3462 1041 3519 eta
1089 3453 1210 3527 mittit.
1267 3449 1317 3525 Et
1345 3448 1439 3526 hanc
1461 3477 1600 3527 causam
1624 3453 1752 3543 allegat
1773 3446 1972 3544 Propheta:
2021 3449 2076 3523 Ne

56 3567 185 3627 natura
205 3554 252 3624 ad
274 3552 444 3624 virtutem
470 3552 630 3637 incitata,
658 3565 825 3623 etamare
840 3547 1042 3622 huncvitae
1087 3558 1207 3627 tradas
1230 3555 1352 3626 bestiis
1372 3556 1509 3626 animas
1534 3556 1741 3627 confitentes
1768 3554 1847 3627 tibi.
1896 3551 1972 3625 Cur
2002 3554 2076 3625 iam

55 3655 241 3741 ordinem,
257 3680 299 3727 ac
316 3652 554 3746 disciplinam,
568 3667 603 3726 et
615 3655 733 3745 legum
751 3679 872 3724 vocem
883 3655 1043 3727 libenter
1087 3659 1221 3749 putatis
1242 3658 1281 3727 in
1302 3654 1373 3727 hoc
1399 3653 1580 3729 horrendo
1603 3658 1780 3742 tumultu,
1806 3655 1869 3751 qui
1895 3657 1933 3725 iu
1958 3655 2077 3727 vicina

54 3758 190 3842 audire,
204 3771 238 3829 et
254 3771 379 3849 sponte
393 3757 550 3842 obedire,
566 3770 606 3827 ut
621 3757 864 3828 venustissime
879 3781 899 3826 a
914 3754 1041 3826 Plauto
1088 3775 1189 3849 oclus
1202 3760 1287 3848 tuit,
1311 3757 1430 3835 Deum
1447 3760 1642 3853 pepercisse
1662 3755 1720 3830 his
1734 3758 1964 3850 regionibus?
2001 3755 2079 3828 Piis

56 3860 287 3931 dictumest:
313 3857 716 3950 Facileestimperium
745 3859 920 3929 inbonis.
969 3856 1039 3929 Sed
1090 3863 1238 3948 studiis,
1273 3876 1309 3935 et
1336 3862 1519 3937 doctrinae
1542 3862 1711 3955 pepercit.
1764 3859 1817 3932 lta
1841 3885 1917 3932 non
1938 3859 2077 3945 dubito,

54 3963 120 4035 alii
144 3977 227 4034 sunt
241 3963 370 4055 partim
389 3961 656 4046 imbecilliores,
681 3960 744 4054 qui
759 3959 933 4031 malorum
955 3985 1042 4030 con·
1089 3965 1194 4035 etiam
1210 3965 1249 4034 in
1266 3965 1529 4057 irruptionibus
1543 3964 1705 4036 Turcicis
1720 3962 1836 4037 Deum
1851 3976 2075 4034 servaturum
2196 3980 2201 3987 ·

56 4065 248 4159 suetudine
275 4065 457 4136 interdum
481 4066 709 4139 abducuntur
735 4064 781 4134 ab
806 4063 944 4147 officio,
979 4064 1039 4133 sed
1088 4088 1161 4137 esse
1179 4068 1357 4139 studiosos
1381 4081 1415 4138 et
1434 4067 1525 4160 pios.
1574 4063 1626 4139 Ut
1640 4066 1794 4138 servarit
1809 4062 2016 4149 Danielem,
2040 4078 2076 4137 et

56 4162 180 4239 tamen
199 4168 392 4239 sanabiles:
425 4168 556 4259 partim
591 4191 676 4238 vero
704 4167 761 4237 vel
786 4166 953 4258 superbia
984 4166 1040 4235 vel
1089 4169 1221 4240 multos
1252 4169 1386 4239 similes
1412 4170 1452 4241 in
1476 4169 1581 4239 exilio
1603 4167 1839 4264 Babylonico.-
1897 4164 2018 4256 Quare
2040 4182 2076 4238 et

56 4282 206 4343 naturae
220 4269 441 4342 immanitate
457 4271 504 4341 ita
520 4269 606 4355 feri,
631 4283 673 4341 ut
693 4269 787 4340 ssecti
808 4272 853 4338 ad
872 4268 1041 4340 virtutem
1090 4272 1223 4362 publici
1242 4285 1276 4342 et
1291 4271 1398 4342 vestri
1416 4271 1566 4364 periculi
1583 4284 1692 4356 metu,
1718 4271 1758 4341 in
1775 4267 1843 4341 hoc
1858 4269 2002 4362 publico
2017 4269 2075 4341 lu-

57 4373 188 4447 nolint.
255 4367 335 4443 Etsi
375 4371 537 4464 utrisque
569 4373 687 4463 legum
714 4397 828 4465 poena
859 4370 1040 4457 timcndae
1088 4387 1148 4444 ctu
1171 4386 1206 4444 et
1227 4373 1407 4444 maesticia
1431 4387 1650 4464 temporum,
1675 4374 1868 4445 modestius
1888 4373 2016 4457 vivite,
2041 4385 2076 4442 et

57 4489 159 4556 aunt,
185 4489 304 4547 tamen
320 4498 416 4544 nunc
432 4470 700 4568 deCyclopibus
717 4475 792 4546 istis
805 4467 899 4544 nihil
914 4473 1042 4557 dicam,
1088 4477 1247 4561 statuite,
1273 4490 1306 4547 et
1330 4475 1517 4546 universae
1536 4473 1790 4568 Reipublicae,
1825 4491 1860 4548 et
1884 4475 1986 4545 vobis
2013 4497 2073 4543 ve-

55 4577 120 4672 qui
144 4590 183 4648 ut
207 4571 447 4672 Polyphemus
476 4579 569 4669 apud
595 4575 814 4661 Homerum,
846 4576 1040 4665 gloriosum
1088 4592 1195 4650 stram
1217 4576 1427 4649 modestiam
1453 4579 1674 4671 profuturam
1696 4600 1782 4652 esse.
1834 4575 1991 4668 Quidam
2015 4599 2074 4665 ge·

56 4678 126 4749 sibi
149 4681 305 4765 ducunt,
338 4676 454 4750 Deum
478 4694 513 4749 et
533 4679 653 4747 omnia
679 4679 802 4749 divina
825 4691 859 4748 et
882 4674 1038 4748 humana
1088 4679 1202 4764 neris,
1234 4681 1381 4774 quidam
1411 4679 1679 4772 privilegiorum
1713 4692 1895 4771 praetextu
1929 4692 2076 4770 peccant

56 4781 136 4852 iura
153 4780 369 4852 ferocissime
391 4794 637 4867 contemnere,
663 4796 698 4851 et
710 4805 831 4865 ruere,
857 4806 927 4874 qua
944 4780 1040 4850 coeci
1088 4782 1265 4855 licentius.
1322 4778 1489 4853 Refutari
1529 4776 1595 4851 hae
1636 4782 1789 4854 iniustae
1829 4781 2078 4872 persuasiones

54 4884 210 4975 impetus
233 4883 470 4975 cupiditatum
491 4883 648 4972 rapiunt.
709 4882 779 4955 Sed
809 4878 895 4952 haec
920 4906 1038 4952 rerum
1088 4885 1211 4956 multis
1232 4884 1349 4956 modis
1366 4897 1526 4976 possunt.
1587 4881 1658 4956 Sed
1679 4909 1775 4954 nunc
1796 4907 1906 4954 unam
1933 4897 2077 4956 tautum

55 4998 203 5070 natura,
218 4985 311 5055 vices
327 4984 467 5057 aestatis
483 5000 518 5057 et
533 4979 688 5078 hyemis,
713 5009 753 5054 ac
776 4985 934 5078 reliquus
949 4986 1038 5053 ordo
1088 4982 1272 5057 historiam
1295 4985 1471 5076 recitabo,
1506 4986 1545 5055 in
1568 5010 1637 5080 qua
1660 4987 1761 5077 gravi
1790 4986 1924 5056 iudicio
1949 4985 2078 5078 populi

54 5111 177 5159 recum
193 5099 359 5174 testatur,
380 5111 453 5158 csse
468 5102 621 5160 mentem
638 5100 815 5158 aeternam
832 5082 1039 5157 architecta·
1086 5085 1260 5174 Romani,
1275 5088 1431 5159 insulsus
1448 5101 1647 5180 praetextus
1665 5088 1787 5158 delicti
1804 5088 1992 5157 damnatus
2008 5099 2073 5158 est.

56 5189 200 5275 tricem,
232 5191 444 5281 probantem
466 5190 576 5273 iusta,
607 5201 643 5260 et
663 5189 871 5278 punientem
896 5188 1039 5273 iniusta,
1086 5186 1720 5276 FuitAedilisHostiliusMancinus,
1746 5189 1809 5284 qui
1829 5202 1937 5259 noctu
1953 5188 2074 5260 ebrius

58 5304 95 5362 et
117 5305 301 5363 execratur
318 5293 457 5363 furores
481 5292 563 5361 illos
577 5287 787 5384 Cyclopicos
805 5304 1038 5360 contemnen-
1087 5291 1176 5362 adiit
1188 5293 1292 5361 aedes
1308 5290 1482 5362 Maniliae
1498 5292 1712 5374 meretricia,
1738 5291 1893 5386 postulat
1909 5315 1945 5362 se
1959 5292 2077 5363 intro·

55 5394 146 5467 tium
161 5392 298 5481 Deum,
323 5418 414 5488 quos
426 5393 570 5489 quidem
585 5406 678 5465 certa
700 5403 735 5463 et
748 5391 845 5463 fatali
859 5393 936 5482 lege
959 5405 1039 5463 tan-
1086 5391 1199 5479 mitti,
1224 5392 1361 5464 familia
1378 5395 1475 5466 videt
1489 5395 1622 5466 ebriam
1641 5395 1783 5467 turbam
1797 5386 1889 5483 ease,
1904 5393 2074 5487 iubetque
