4546 5760
114 212 198 295 Μ
481 206 738 306 SCMPTA
770 206 846 283 AD
879 201 1078 283 VITAM
1109 203 1185 281 ET
1218 202 1461 283 OBITUM
1489 205 1803 289 MELANTH.
2084 212 2164 293 m

118 408 224 469 mus,
256 406 443 479 nunquam
465 386 528 455 ille
542 399 617 457 toto
637 378 706 454 boc
721 383 839 455 morbi
856 395 1016 473 tempore
1032 380 1118 451 alibi
1171 395 1206 452 et
1226 405 1332 451 mane
1351 377 1440 454 hora
1463 387 1618 454 secunda
1640 384 1678 455 in
1692 386 1877 457 lectulose
1894 386 2064 477 erigeret,
2087 410 2164 459 rse-

112 512 231 585 ,quam
250 488 293 557 in
315 486 481 559 cubiculo
504 512 592 574 suo,
624 510 696 580 quo
716 510 780 579 per
802 485 975 557 scalarum
989 484 1118 574 gradus
1171 483 1271 553 dicus
1304 486 1348 555 ad
1380 509 1461 555 eum
1492 487 1652 572 accessit,
1691 488 1744 558 ibi
1769 490 1814 559 de
1836 504 1940 561 nocte
1960 490 2163 582 praeterita,

114 588 276 669 sedecim
297 590 561 663 ascendendum
583 590 617 661 ei
641 600 733 673 erat,
765 601 974 679 pernoctare
992 586 1119 669 voluit,
1171 587 1311 679 qualem
1326 582 1504 658 habuisset
1519 588 1756 679 significabat,
1781 605 1816 662 et
1829 593 1926 683 quod
1940 615 2084 663 somnos
2098 586 2164 663 ha-

110 706 231 789 atque
247 704 297 769 -ut
316 690 357 761 in
379 691 524 767 caeteris
540 691 724 776 omnibus,
753 691 803 761 ita
818 690 925 761 etiam
940 690 980 757 in
996 682 1118 759 haere
1170 688 1321 773 buisset,
1346 702 1387 759 ut
1401 690 1614 783 loquebatur
1627 706 1771 777 tenues,
1795 694 2088 788 aliquos-tamen,
2114 693 2163 765 si-

112 794 193 875 ,atti
214 818 293 871 nou
307 794 483 887 pepercit,
509 819 624 890 neque
643 792 929 883 defatigationem
946 790 1069 863 itionis
1085 802 1119 859 et
1170 790 1280 882 bique
1303 791 1432 861 iterum
1455 817 1518 883 per
1539 794 1695 885 quietem
1711 795 1866 866 oblatam
1884 796 2067 888 paulinam
2081 817 2163 867 sen-

110 897 444 979 monuissetis
467 898 607 988 refugit.
655 892 711 965 Eo
734 896 842 987 igitur
855 910 931 966 tum
946 894 1119 965 deductus
1171 893 1334 963 tentiam:
1361 892 1402 964 si
1412 894 1508 965 Deus
1524 921 1588 988 pro
1599 896 1717 983 uobis,
1728 898 1808 990 quis
1818 911 1942 969 contra
1953 920 2030 973 nos
2049 896 2161 969 :Pou-

117 998 262 1093 plaeide
285 999 556 1081 obdormiebat,
595 1002 745 1069 durante
769 1020 895 1069 somno
921 996 985 1065 illo
1006 996 1118 1064 ferme
1171 1018 1211 1065 ea
1232 997 1279 1065 ad
1294 996 1431 1087 priores
1445 993 1488 1091 ⁸⁰)
1511 1000 1713 1092 quaerelas,
1746 1002 1791 1070 de
1813 995 1994 1071 Ecclesiae
2016 1000 2163 1073 cahani-

111 1124 235 1197 .usque
251 1103 297 1173 ad
317 1102 553 1193 vespertinam
570 1116 714 1172 sextam.
767 1098 905 1170 Interea
921 1098 1119 1169 afferebau·
1170 1098 1303 1167 tatibus
1340 1100 1497 1180 redibat,
1540 1114 1576 1171 et
1613 1104 1906 1173 contestationem
1940 1102 2076 1173 doloris
2106 1101 2161 1173 sui

115 1218 178 1279 tus·
200 1204 328 1277 literae
347 1204 392 1273 ab
407 1205 584 1275 amicisex
599 1218 756 1273 mercatu
773 1200 1060 1273 Francoiortensi
1075 1201 1119 1268 dc
1171 1212 1317 1293 propter
1332 1195 1416 1287 has,
1441 1215 1476 1272 et
1491 1203 1784 1293 significationem
1797 1205 1897 1295 spei,
1922 1228 2030 1299 quam
2051 1198 2163 1275 babe-

116 1305 306 1401 suppliciis
324 1306 467 1397 piorum
491 1302 678 1377 hominum
699 1306 739 1374 in
757 1300 895 1390 Gallia,
920 1304 1119 1396 dequibus
1171 1316 1224 1373 ret
1248 1305 1292 1373 de
1314 1304 1518 1395 posteritate
1545 1306 1716 1396 optimam
1733 1302 1773 1401 ³¹)
1802 1319 1949 1398 propter
1976 1306 2162 1399 perspicue

116 1432 202 1497 mm
225 1422 307 1501 post
330 1432 496 1479 somnum
515 1410 656 1479 adeum
675 1407 886 1491 referretur,
910 1404 1118 1478 Nullosdo-
1170 1404 1377 1497 explicatam
1402 1420 1606 1478 nostrarum
1622 1404 1861 1479 Ecclesiamm
1883 1408 2105 1492 doctrinam,
2127 1419 2164 1477 et

112 1512 216 1583 lorea
237 1511 398 1603 corporis
419 1512 475 1583 aui
499 1524 618 1583 tantos
641 1532 713 1581 esse
738 1509 895 1593 dicebat,
921 1508 1049 1602 quanti
1063 1528 1118 1576 es-
1170 1522 1252 1579 vota
1275 1533 1339 1600 pro
1361 1506 1518 1579 Ecclesia
1542 1510 1711 1581 miscebat
1735 1512 1895 1583 ardentia
1921 1512 1965 1581 ad
1988 1510 2105 1582 Deum
2126 1523 2163 1580 et

116 1624 201 1687 seut
219 1612 345 1687 ¹animi
375 1626 522 1705 propter
554 1610 733 1683 Ecclesiae
767 1613 854 1682 tales
877 1611 1119 1693 calamitates,
1171 1610 1320 1699 gemitus
1335 1606 1400 1701 ⁵²),
1424 1625 1530 1704 atque
1544 1612 1592 1681 ita
1610 1614 1794 1704 productis
1810 1638 1890 1683 cum
1904 1636 2035 1703 genero
2050 1634 2162 1703 usque

117 1736 212 1811 quae
241 1729 458 1805 augerentur
491 1716 780 1787 distractionibus
804 1738 878 1783 non
898 1712 1117 1790 necessariis,
1171 1714 1215 1781 ad
1248 1713 1388 1783 tertiam
1419 1715 1626 1807 colloquiis,
1667 1739 1708 1785 eo
1741 1730 1900 1807 tempore
1923 1716 2095 1785 deductus
2119 1737 2162 1783 ex

118 1830 154 1887 et
172 1816 315 1893 malitia
336 1840 376 1887 ac
397 1818 594 1909 petulantia
617 1841 759 1902 eorum,
785 1818 848 1909 qui
871 1840 952 1885 eum
976 1839 997 1885 a
1013 1814 1118 1883 uobis
1170 1814 1335 1885 cubiculo
1357 1815 1426 1885 suit
1449 1818 1494 1885 ad
1515 1818 1685 1886 lectulum
1700 1817 1804 1887 illum
1821 1817 2014 1887 viatorium
2027 1815 2066 1885 in
2081 1840 2163 1885 mtr-

117 1918 363 1991 discessisseut
378 1932 519 2011 praeter
543 1942 682 1989 causam
708 1918 857 1987 immani
874 1912 917 2004 ²⁶)
941 1918 1024 1987 odio
1051 1941 1118 1985 no-
1170 1940 1249 1986 saeo
1268 1918 1491 1991 collocatum.
1524 1916 1579 1988 lbi
1596 1933 1673 1989 tum
1688 1921 1882 1990 obversans
1895 1918 2163 2012 aliquantisper,

119 2014 296 2091 strinibil
311 2045 385 2090 non
402 2022 615 2099 molirentur
631 2033 665 2091 et
679 2034 864 2111 parcerent
880 2019 1028 2099 nemini,
1054 2020 1118 2087 de-
1169 2032 1289 2109 postea
1312 2020 1499 2105 decubuit,
1531 2044 1711 2091 sermones
1734 2018 1853 2093 babiti
1874 2044 1941 2113 pro
1966 2019 2163 2091 occasioni·
2227 2044 2236 2064 ³

118 2144 191 2215 que
208 2114 279 2193 bac
293 2145 333 2191 re
347 2124 459 2195 multa
475 2125 632 2213 graviter
648 2137 813 2216 quaestus
828 2135 880 2191 est
893 2116 956 2213 ²⁷),
981 2136 1021 2191 nt
1038 2144 1117 2211 per·
1168 2123 1236 2190 bus
1252 2121 1361 2202 varii,
1387 2122 1500 2190 donec
1516 2124 1814 2209 obdormisceret,
1846 2137 1882 2194 et
1895 2118 1938 2219 ⁸³)
1957 2123 2053 2193 inter
2078 2123 2163 2192 dor-

117 2222 363 2297 imbutionem
379 2247 544 2314 magnam
561 2247 634 2293 esse
655 2237 853 2315 appareret.
906 2221 1028 2315 ltaque
1050 2215 1117 2288 boc
1168 2222 1354 2292 miendum
1376 2223 1504 2292 leniter
1526 2228 1718 2315 respiraret
1740 2252 1780 2297 ac
1801 2226 1975 2306 suaviter,
2000 2237 2042 2294 ut
2061 2224 2161 2293 vide-

116 2339 195 2397 tum
210 2326 400 2415 agebatur,
426 2339 467 2396 ut
485 2326 692 2396 recitatione
709 2326 890 2393 literarum
910 2324 1030 2391 mitius
1052 2321 1118 2392 tri·
1168 2337 1268 2393 retur
1293 2323 1431 2413 placide
1459 2325 1650 2417 quiescere.
1712 2324 1769 2397 Ex
1801 2322 1871 2397 hoc
1903 2326 2162 2417 expergefactus

118 2426 227 2499 stium
251 2440 286 2497 et
308 2428 533 2498 sermonibus
549 2428 654 2497 etiam
671 2426 861 2496 astantium
879 2420 1118 2493 hilariusculis
1168 2448 1294 2494 somno
1314 2420 1358 2520 ³⁴)
1380 2424 1472 2495 circa
1497 2422 1622 2496 horam
1650 2442 1783 2499 sertam
1813 2428 2045 2511 matutinam,
2079 2450 2161 2497 cum

118 2528 283 2599 adolore
298 2530 551 2615 abduceretur,
576 2554 647 2623 quo
666 2542 700 2599 et
714 2530 910 2619 profectum
933 2526 1003 2596 suit
1023 2550 1117 2594 non·
1167 2527 1318 2617 capillus
1343 2527 1376 2595 ei
1404 2528 1586 2599 videretur
1612 2529 1773 2619 longior,
1811 2530 1900 2621 petit
1923 2553 1944 2598 a
1966 2552 2097 2619 genero
2120 2541 2162 2597 ut

117 2624 236 2715 nibil,
257 2628 376 2703 Multa
393 2631 488 2701 enim
503 2645 622 2723 postea
638 2643 671 2700 et
686 2630 843 2701 suaviter
856 2628 975 2698 omnia
992 2628 1118 2722 loque·
1168 2624 1265 2697 hunc
1288 2630 1358 2698 sibi
1381 2632 1615 2720 praecideret,
1645 2634 1746 2704 cuius
1775 2632 1977 2703 ministerio
2007 2632 2053 2701 ad
2083 2652 2162 2701 eam

117 2732 246 2816 batur,
271 2734 316 2803 ad
339 2734 581 2825 praesentium
604 2755 810 2802 sermonum
832 2730 1051 2812 occasiones,
1077 2743 1118 2799 ut
1167 2754 1242 2799 rem
1266 2753 1406 2823 semper
1425 2734 1478 2803 uti
1502 2733 1658 2824 solebat,
1699 2760 1771 2829 quo
1795 2736 1887 2806 facto
1913 2735 2021 2805 etiam
2047 2747 2161 2804 vestes

118 2832 217 2905 iocos
236 2832 344 2905 etiam
359 2848 393 2905 et
409 2837 500 2905 risus
517 2848 722 2924 usurparet,
748 2856 900 2926 eumque
917 2856 954 2900 se
970 2832 1118 2922 praebe-
1167 2833 1279 2901 lineas
1309 2834 1467 2904 internas
1503 2850 1659 2921 mutare,
1695 2837 1862 2931 qualibus
1895 2836 2161 2907 adiuvandum

110 2948 191 3021 ret,
230 2948 275 3007 ut
305 2937 411 3007 multi
446 2962 527 3007 cum
560 2936 753 3007 certissima
780 2959 841 3026 spe
867 2935 1118 3003 convalescen·
1167 2935 1319 3004 calorem
1342 2936 1499 3026 corporis
1523 2936 1645 3006 senilis
1667 2940 1719 3008 uti
1747 2951 1978 3009 consueverat
1998 2962 2019 3007 a
2036 2936 2161 3007 multis

116 3036 190 3107 tiae
204 3030 253 3135 ²⁸)
276 3036 341 3109 illo
362 3062 507 3130 vespere
529 3041 574 3110 ab
590 3064 633 3107 eo
652 3038 884 3109 discederent.
936 3034 1118 3105 Produce-
1169 3035 1273 3105 annis
1288 3037 1507 3127 triplicibus,
1541 3061 1612 3108 uua
1631 3062 1738 3128 super
1751 3040 1822 3108 alia
1846 3040 2010 3119 inducta,
2037 3034 2160 3109 Etiam

117 3140 256 3211 bantur
279 3138 341 3209 illa
363 3140 559 3235 colloquia,
586 3142 681 3234 quod
706 3140 750 3208 iis
772 3138 939 3209 delectari
955 3138 1118 3207 animad·
1168 3137 1416 3209 redimiculum
1436 3162 1569 3208 novum
1595 3142 1701 3231 capiti
1725 3142 1885 3211 sumebat
1906 3143 1952 3210 de
1969 3163 2097 3231 genere
2114 3138 2161 3207 li-

118 3254 319 3313 verteretur
336 3242 446 3312 ferme
470 3266 584 3336 usque
609 3244 654 3310 ad
668 3238 794 3310 boram
812 3253 983 3310 octavam.
1034 3237 1117 3327 Quo
1167 3264 1318 3309 neorum
1341 3241 1485 3311 illorum
1509 3241 1670 3334 qualium
1694 3268 1759 3334 per
1778 3255 1899 3312 noctes
1920 3250 2090 3321 usus'est,
2126 3252 2162 3310 et

117 3356 281 3437 ternpore
300 3366 381 3414 cum
399 3344 510 3439 quieti
531 3368 567 3413 se
585 3346 669 3413 dare
686 3344 810 3425 vellet,
835 3342 978 3412 condita
1000 3364 1115 3409 cerasa
1167 3340 1241 3434 ipse
1256 3342 1351 3413 inter
1367 3344 1431 3412 diu
1444 3366 1583 3434 semper
1599 3345 1697 3412 domi
1717 3346 1903 3429 utebatur,
1934 3367 2047 3437 eaque
2067 3343 2106 3411 in
2121 3366 2160 3411 re

117 3444 323 3517 assumebat
344 3446 481 3540 aliquot
501 3458 537 3517 et
559 3446 634 3514 vini
658 3441 864 3515 baustulum
889 3466 1021 3522 uuum,
1054 3441 1117 3535 qui
1167 3466 1203 3512 se
1217 3444 1457 3537 propinquum
1475 3438 2160 3515 suumIoannemReuclslinumvirum

117 3546 187 3619 init
211 3538 361 3618 banstus
382 3548 481 3643 illius
507 3562 724 3642 postremus,
751 3561 791 3618 ut
809 3548 852 3615 ad
871 3568 1034 3616 somnum
1051 3543 1117 3612 ali·
1165 3544 1401 3614 clarissimum
1433 3545 1568 3614 imitari
1600 3547 1747 3621 dicebat.
1814 3546 1894 3617 Hoc
1919 3546 2028 3639 igitur
2051 3548 2159 3615 modo

117 3648 208 3743 quid
235 3648 336 3741 quasi
365 3650 485 3721 viatici
516 3651 821 3742 suppeditaretur,
861 3671 966 3741 quem
997 3659 1116 3716 tamen
1167 3646 1290 3717 ornari
1309 3659 1342 3716 et
1358 3644 1449 3715 comi
1469 3646 1609 3718 volebat
1624 3673 1705 3717 cum
1723 3649 1969 3739 migrationem
1994 3670 2162 3742 praesen-

116 3748 224 3821 no'cte
239 3763 408 3845 sequente
424 3765 567 3823 tenuem
583 3754 776 3822 admodum
794 3750 923 3841 coepit.
976 3745 1028 3818 lta
1046 3748 1114 3816 iam
1165 3748 1260 3819 tiret.
1311 3746 1425 3818 Paulo
1440 3762 1520 3839 post
1533 3750 1580 3818 ab
1591 3750 1715 3821 amicis
1728 3752 1942 3844 quibusdam
1957 3746 2160 3841 hospitibus

116 3850 362 3923 narrationem
384 3856 635 3944 perduximus,
659 3855 840 3947 usquead
865 3848 969 3922 lllll.
987 3848 1114 3921 Calen—
1163 3846 1211 3924 Ι).
1227 3848 1372 3921 Pastore
1394 3848 1590 3941 Torgensi,
1616 3866 1652 3922 et
1672 3855 1826 3947 quodam
1851 3854 1927 3923 eius
1940 3851 2103 3925 Diacono
2120 3874 2160 3921 ac

116 3954 181 4023 das
202 3948 295 4023 Maii
310 3948 375 4051 ⁸⁸),
407 3980 499 4050 quae
522 3956 591 4026 luit
613 3956 750 4024 decima
773 3979 868 4024 nona
892 3949 1050 4042 Aprilis,
1082 3964 1117 4021 et
1164 3950 1320 4022 Doctore
1341 3952 1479 4021 medico
1494 3948 1759 4036 Kentmanno,
1786 3956 1847 4049 qui
1871 3958 1917 4025 ad
1941 3979 2023 4025 cum
2039 3954 2160 4023 visen·

116 4054 213 4127 vitae
227 4048 392 4149 Philippi
411 4058 450 4127 in
471 4057 575 4128 terris
589 4059 664 4128 dies
681 4070 847 4130 extrema.
898 4050 978 4123 Etsi
997 4066 1113 4123 autem
1163 4056 1250 4124 dum
1262 4067 1506 4136 excurrerant,
1531 4056 1764 4131 salutabatur.
1814 4054 2011 4150 Repetebat
2027 4058 2073 4127 ad
2093 4050 2160 4125 bos

116 4154 353 4247 aegritudiuis
373 4173 409 4230 et
431 4160 598 4232 tristiciae
611 4160 850 4251 perturbatio,
876 4180 984 4252 quam
1003 4180 1042 4225 ea
1058 4156 1115 4225 die
1163 4156 1259 4226 inter
1279 4154 1370 4239 alia,
1404 4180 1495 4249 quae
1521 4171 1597 4228 tum
1619 4158 1759 4230 dicebat
1782 4160 1880 4230 varia
1901 4154 2010 4231 bilari
2024 4172 2060 4229 ct
2073 4180 2159 4226 voce

117 4280 190 4353 qua
211 4259 424 4332 morientem
445 4286 526 4332 eum
548 4262 724 4345 vidimus,
768 4274 908 4332 tantum
930 4259 1115 4338 sensimus,
1163 4270 1198 4327 et
1222 4270 1360 4343 mente,
1392 4257 1510 4353 spacio
1536 4284 1627 4355 pene
1642 4261 1813 4333 dimidiae
1827 4256 1953 4349 borae,
1978 4281 2160 4331 sermones

116 4382 189 4455 qua
203 4382 280 4432 non
297 4365 469 4455 potuisset
486 4365 656 4434 maiorem
671 4364 811 4434 animus
825 4361 1017 4447 sustinere,
1038 4356 1115 4428 Ha·
1164 4360 1235 4430 diei
1259 4359 1411 4451 prioris,
1437 4374 1478 4431 ut
1500 4364 1546 4431 dc
1569 4363 1757 4435 allectione
1783 4365 1894 4435 animi
1910 4364 1965 4433 sui
1981 4362 2076 4455 apud
2091 4355 2160 4429 bos

115 4484 201 4533 rum
214 4462 327 4555 igitur
337 4466 557 4557 perturbatio
571 4467 635 4538 etsi
649 4468 858 4536 memoriam
874 4465 922 4535 ita
942 4463 1116 4555 impedire
1164 4461 1270 4533 etiam
1292 4476 1493 4536 testaretur.
1546 4462 1593 4535 Se
1618 4467 1795 4558 privatum
1820 4466 1981 4537 dolorem
2004 4464 2071 4537 Dei
2095 4463 2158 4532 be-

116 4565 221 4651 solet,
245 4562 394 4638 utuibil
409 4569 533 4660 magis,
556 4582 674 4640 tamen
689 4591 781 4661 quae
796 4566 1026 4637 meminimus
1041 4564 1116 4635 col·
1164 4564 1289 4633 ueficio
1320 4563 1462 4635 nullum
1486 4559 1629 4642 babere.
1688 4567 1758 4641 Sed
1783 4580 1972 4659 conspeetu
1994 4566 2159 4661 publico-

113 4666 200 4739 latis
221 4668 319 4739 notis
341 4672 491 4758 nostris,
518 4684 553 4743 et
573 4670 755 4740 communi
773 4692 880 4761 opera
898 4692 995 4739 nunc
1013 4667 1115 4737 dein·
1163 4689 1244 4736 rum
1267 4665 1444 4737 malorum
1464 4691 1541 4739 sese
1565 4670 1657 4739 affici
1680 4670 1896 4762 posteritatis
1913 4694 2038 4756 causa,
2060 4690 2158 4763 -quae

115 4790 203 4862 ceps
217 4770 351 4863 optima
366 4773 446 4859 fide,
470 4787 510 4847 ut
523 4769 695 4844 hactenus
707 4772 873 4841 universa
887 4792 1115 4863 exponemus.
1168 4838 1397 4853 ....-.-..

111 4866 211 4943 Cum
226 4887 331 4945 nocte
347 4874 410 4946 illa
425 4900 616 4969 perpanrm
633 4874 870 4960 dormivisset,
895 4887 936 4945 ut
947 4873 1114 4951 diximus,
1197 4929 1243 5001 ω)
1260 4931 1387 4996 prm]
1407 4928 1457 4984 Ed,
1469 4930 1499 4986 2.
1517 4932 1677 4987 nonhabet.

1197 5017 1242 5085 st)
1260 5015 1334 5071 llaec
1352 5014 1381 5067 in
1400 5016 1445 5070 ed.
1458 5015 1487 5071 2.
1507 5017 1560 5071 itas
1582 5019 1690 5071 doloris
1704 5017 1879 5084 suiprwr
1890 5020 1960 5087 aas,
1978 5020 2028 5087 qui
2036 5033 2090 5083 per
2101 5034 2157 5069 no·

1232 5095 1305 5141 uem
1321 5087 1449 5151 graviter
1467 5104 1535 5141 eum
1554 5087 1744 5147 exercuisset,
1773 5104 1856 5156 spem
1878 5098 1974 5143 tumen
1995 5104 2027 5141 se
2051 5089 2157 5141 trudere

149 5150 203 5218 26)
217 5160 335 5218 praeter
347 5168 467 5205 seusam
480 5152 612 5220 inmani]
632 5172 662 5205 er
674 5150 717 5211 ed.
728 5153 753 5206 2.
766 5151 936 5208 exciderunt.
1231 5157 1379 5222 optuleram.

149 5240 202 5309 st)
218 5247 353 5307 quaestus
365 5244 423 5304 est]
440 5237 491 5294 Ed.
504 5241 530 5294 2.
549 5239 730 5308 querebatur.
1195 5242 1243 5306 82)
1259 5240 1310 5294 lid.
1324 5239 1353 5298 ἱ.
1365 5241 1467 5292 intimi
1477 5242 1574 5293 cordis
1586 5244 1717 5308 gemitus.

147 5325 198 5394 28)
217 5324 249 5378 lu
262 5326 307 5379 ed.
323 5329 348 5377 l·
364 5327 605 5379 convalescentiae
620 5324 742 5399 positum
754 5336 794 5381 est
805 5335 869 5381 suta
880 5328 973 5382 multi.
1196 5325 1243 5391 89)
1263 5323 1313 5380 Ed.
1325 5323 1352 5379 2
1370 5333 1399 5377 et
1409 5333 1472 5377 tum
1485 5328 1609 5393 quidem.

145 5410 197 5478 19)
213 5408 300 5475 Huic]
316 5407 368 5465 Ed.
379 5413 406 5466 l.
424 5410 543 5477 Aprttta.
763 5440 767 5449 ·
1195 5409 1242 5481 di)
1260 5409 1313 5466 Ed.
1324 5409 1353 5465 2.
1369 5408 1419 5463 Ex
1429 5412 1482 5463 Isos
1494 5406 1596 5466 sadans
1614 5416 1827 5481 expergiscens.
