4546 5760
106 198 199 273 ‚m
688 157 1136 265 :strumosus
1169 157 1574 241 scaunistrat,
1968 189 1970 193 ¹
2079 164 2161 239 w

126 372 131 379 '
221 364 326 438 Nune
352 358 457 433 tunm
483 351 657 425 iudicium
678 341 884 420 nusum
902 328 1126 418 Mslclsior,¹
1165 335 1286 409 Sectss
1298 361 1384 429 ergo
1398 350 1433 408 et
1448 360 1563 409 novos
1579 337 1766 429 magistros
1780 329 1971 429 prohibuit
1985 330 2162 420 Cliristns,

107 472 207 545 -huir
229 464 406 538 auditorio
430 460 604 550 exponas,
626 462 662 521 et
683 447 792 518 simul
812 443 996 524 suenda,
1021 462 1116 532 quo-
1166 464 1241 509 non
1258 463 1390 510 nornen
1403 440 1514 510 officii
1526 452 1563 509 et
1578 439 1767 510 ministerii
1785 440 1901 511 nostri
1919 439 1957 509 in
1970 434 2144 512 Ecclesia·

122 575 231 646 modo
255 565 340 638 haec
363 560 556 635 consolatio
580 556 623 625 sd
644 574 709 621 nos
731 543 1029 617 accommodanda
1053 541 1116 608 sit:
1269 540 1370 613 Sicut
1393 542 1503 630 igitur
1523 564 1648 612 omnes
1676 563 1743 628 nos
1767 535 1963 613 Christiani
1993 540 2031 609 in
2060 534 2162 613 Chri·
2187 564 2189 568 ⁴

126 677 210 770 quia
233 670 297 740 etsi
320 667 426 736 nobis
446 685 520 731 non
542 672 596 727 est
616 669 709 723 certa
732 651 833 718 sedes
849 647 1038 739 promissa,
1063 656 1118 710 ts·
1167 657 1261 715 stum
1287 657 1322 712 et
1340 644 1379 713 in
1400 656 1552 714 mortem
1567 643 1644 715 eius
1663 643 1854 735 baptisati,
1875 665 1971 732 reges
1990 656 2161 717 sumusst

124 800 207 848 man
224 793 333 864 genus
352 770 396 838 ad
419 787 485 834 nos
500 759 664 856 pertinet
718 753 866 842 Semper
886 748 982 817 enim
999 755 1120 813 manet
1168 747 1365 815 sacerdotes
1386 745 1424 812 in
1446 739 1608 817 Christo:
1650 745 1700 815 ita
1723 744 1837 838 sliqni
1867 745 1915 815 ah
1933 739 2099 817 Ecclesis
2120 745 2161 815 sd

126 875 197 948 hoc
227 877 420 944 decretum:
453 858 651 935 Generatio
676 867 853 926 rectorum
880 847 1119 922 benedicetur,
1169 844 1237 917 hoc
1255 845 1368 917 voest
1390 858 1425 916 et
1446 845 1604 916 ordinati
1625 860 1710 917 sunt
1732 846 1891 934 magistri
1908 859 1942 916 et
1959 859 2162 936 pastoresst

127 980 259 1052 Sumus
282 973 379 1042 enim
401 965 536 1048 catelli,
569 961 631 1055 qni
651 956 758 1027 micis
784 965 926 1046 patrum
949 949 1120 1018 immensa
1170 952 1352 1028 doctores,
1378 948 1417 1015 in
1440 947 1505 1017 illo
1526 948 1633 1018 unico
1655 947 1829 1037 Magistro
1849 942 2013 1032 Christo,
2044 948 2086 1019 in
2105 947 2161 1019 itu

66 1140 69 1145 .
111 1075 371 1157 ‘misericordia
394 1068 462 1141 Dei
493 1067 651 1139 aluntur.
704 1056 860 1147 Ideoque
891 1074 1028 1137 semper
1055 1047 1122 1116 erit
1171 1051 1279 1121 unico
1296 1035 1434 1140 paslore
1448 1043 1611 1132 Christo,
1636 1049 1675 1118 in
1692 1050 1756 1120 illo
1776 1049 1883 1121 uniro
1900 1050 2048 1123 doctore
2059 1044 2161 1121 Chri·

120 1177 287 1257 Ecclesia
304 1175 345 1251 iu
363 1172 425 1245 ille
442 1166 666 1263 posteritate,
688 1183 782 1253 quae
803 1155 919 1227 studia
936 1148 1123 1240 Evangelii
1171 1167 1246 1236 sto,
1272 1154 1408 1243 dequo
1433 1148 1539 1220 Pater
1561 1175 1601 1220 er
1626 1152 1723 1221 coelo
1748 1150 1890 1220 clamat:
1918 1145 1988 1221 Hic
2007 1165 2061 1222 est
2075 1152 2162 1225 filius

68 1285 71 1289 ’
117 1284 186 1376 ,pie
206 1279 310 1353 solet.
360 1268 407 1347 Et
430 1271 531 1341 dabit
561 1264 690 1335 alicnhi
714 1259 812 1330 Dens
841 1280 925 1327 strae
947 1249 1124 1324 Ecclesiae
1172 1275 1272 1321 mens
1306 1252 1476 1336 dilectus,
1508 1252 1550 1319 in
1583 1276 1655 1344 quo
1690 1247 1781 1331 mihi
1818 1254 1910 1323 bens
1942 1253 2160 1344 complacuit.

127 1379 319 1455 mediocria
344 1370 509 1466 hospitia.
562 1366 659 1439 Haec
677 1367 770 1435 laona
794 1363 841 1428 ab
863 1385 904 1429 eo
921 1376 1044 1437 omues
1066 1376 1124 1421 ar·
1173 1356 1290 1445 ipsum
1309 1354 1442 1426 audite,
1478 1348 1527 1423 Et
1542 1353 1582 1421 in
1596 1351 1699 1425 Mose
1714 1354 1972 1426 comminatur:
1998 1355 2064 1447 qui
2080 1354 2164 1431 Prs-
2201 1378 2205 1389 ’

120 1483 296 1557 dentibsu
319 1477 410 1547 votis
426 1473 566 1545 assidue
584 1482 756 1561 petamus.
807 1461 881 1533 Nec
902 1458 983 1529 talis
1002 1453 1125 1547 petitio
1174 1453 1315 1549 phetam
1330 1454 1432 1525 illum
1448 1478 1524 1524 non
1536 1455 1708 1539 audierit,
1730 1477 1797 1541 ego
1815 1456 1912 1526 ultor
1927 1456 2088 1543 existam,
2111 1457 2164 1531 di·

119 1587 201 1657 ,211
217 1583 328 1653 irrisa,
379 1577 475 1651 Dixi,
868 1596 873 1607 ·
926 1558 930 1565 ’
1175 1558 1223 1627 cit
1243 1554 1431 1629 Dominus.
1482 1553 1560 1625 Hac
1583 1556 1721 1627 ratione
1745 1555 1875 1627 Paulus
1899 1557 2008 1643 dicit,
2032 1582 2074 1629 se
2095 1584 2166 1629 rna-

183 1756 186 1761 ,
274 1730 277 1735 .
1019 1714 1022 1719 .
1114 1702 1124 1713 ·
1174 1661 1325 1749 gistrum
1348 1670 1383 1729 et
1407 1657 1588 1727 doctorem
1617 1657 1789 1748 gentium.
1849 1653 1952 1729 Nihil
1979 1662 2115 1731 veritus
2134 1684 2166 1731 aa

130 1781 247 1852 Oratio
285 1777 330 1843 D.
361 1773 506 1839 loton.
544 1756 1029 1852 superseminaverant,
1063 1774 1127 1841 qtm
1176 1762 1293 1830 dicere
1313 1758 1449 1850 aliquid
1471 1771 1593 1837 contra
1615 1762 1763 1830 verhurn
1778 1754 1932 1831 Christi:
1965 1761 2086 1835 Nolite
2109 1787 2166 1839 vo,-

122 1867 213 1954 ferd
237 1861 385 1930 lsirsdero
410 1858 607 1942 potestatem
636 1844 812 1932 recipiendi
831 1840 976 1927 insignis
998 1840 1126 1927 Domo·
1177 1858 1683 1948 „,iR,bb13;„M,ggmq.,
1720 1908 1723 1913 ¹
2002 1924 2005 1933 Ι

185 2046 188 2052 ,
588 1955 673 2002 Μ’·
821 1968 828 1975 ’
1202 2006 1206 2013 -
1279 1961 1440 2033 Primum
1456 1959 1605 2031 audistis
1627 1967 1827 2058 exemplum
1843 1963 1989 2052 Esaiae,
2016 1988 2055 2041 se
2078 1966 2168 2037 ultro

125 2075 151 2151 ¹.
235 2072 585 2157 ChristusDominus
597 2083 719 2141 noster
735 2068 832 2151 dicit,
852 2056 1129 2155 RogateDomi—
1177 2063 1387 2154 ingerentis,
1412 2077 1448 2135 et
1462 2057 1610 2131 Domini
1624 2088 1705 2137 eum
1722 2069 1906 2139 mittentis.
1952 2058 2169 2141 Deindehs-

126 2187 234 2273 'num
254 2182 396 2271 messis,
437 2189 478 2247 ut
504 2175 668 2244 extrudat
692 2169 875 2263 operarios
907 2167 947 2236 in
980 2185 1127 2233 messem
1177 2166 1269 2239 betis
1286 2167 1394 2235 verba
1411 2162 1567 2254 Spiritus
1583 2167 1697 2241 sancti
1719 2168 1756 2239 in
1775 2169 1904 2243 Paulo:
1932 2167 2007 2259 Qui
2022 2167 2169 2260 Episco-

126 2286 248 2367 'suana
299 2278 603 2356 Extruditautem
617 2270 713 2342 Deus
730 2267 965 2363 operariosi'n
983 2285 1149 2334 messem.
1179 2283 1301 2361 patum
1316 2266 1504 2345 desiderat,
1531 2267 1665 2343 Murem
1682 2271 1975 2359 opusdesiderat.
2009 2264 2170 2349 EtChri·

137 2417 257 2477 suam,
282 2387 423 2459 duobus
447 2378 573 2448 modis.
627 2373 748 2443 Altero
773 2371 957 2454 nolentes,
982 2380 1021 2436 ut
1038 2362 1130 2435 lere·
1179 2384 1255 2440 stus
1278 2367 1352 2458 ipse
1367 2367 1471 2437 dicit:
1498 2363 1571 2455 Qui
1588 2369 1860 2445 volueritinter
1874 2397 1937 2442 vos
1953 2394 2031 2443 esse
2049 2371 2170 2450 maior,

135 2498 264 2572 aniam,
292 2486 352 2583 qni
369 2481 474 2553 dixit:
503 2473 562 2547 Ah
576 2474 732 2547 Domine
745 2472 861 2551 Deus,
887 2468 1006 2540 nescio
1020 2466 1131 2561 loqui,
1181 2473 1227 2542 sit
1254 2484 1368 2539 vester
1397 2469 1568 2545 minister·
1596 2468 1701 2541 :Nun
1728 2470 1899 2564 prohihet
1920 2473 2056 2547 Paulus
2086 2473 2170 2549 velte

92 2582 95 2589 .
139 2598 223 2695 qui,
243 2615 339 2684 puer⁸
352 2609 417 2675 ego
438 2605 537 2663 sum,
563 2576 612 2647 Et
633 2575 781 2656 Mosen,
805 2587 870 2643 etc.
919 2569 1044 2642 Altero
1068 2593 1130 2636 vo·
1180 2571 1256 2642 lieri
1268 2566 1497 2660 Episcopum,
1519 2571 1594 2638 sive
1608 2572 2050 2667 appeteseEpiscopatum,
2065 2575 2170 2645 snudo

129 2703 271 2778 tantas,
301 2705 339 2760 ut
363 2683 523 2756 Esaiam:
560 2675 653 2747 Ecce
679 2676 797 2768 inquit
827 2690 909 2763 ego,
939 2672 1039 2740 mitte
1066 2694 1132 2738 nae.
1181 2675 1316 2745 bonum
1339 2692 1429 2761 opus
1450 2672 1646 2756 desideres,
1677 2674 1716 2747 id
1739 2691 1809 2762 est,
1843 2677 2001 2749 officiutn
2021 2673 2171 2749 docendi

51 2850 53 2861 .
134 2796 191 2874 *Et
214 2794 303 2866 dixit
322 2786 499 2860 Domin'us
521 2781 566 2849 ad
591 2802 692 2862 enm,
720 2775 927 2863 Vade,etc.
982 2772 1023 2841 ln
1040 2794 1133 2863 quo·
1181 2777 1275 2845 bona
1293 2773 1639 2842 conscientiacoram
1656 2771 1744 2861 Deo,
1767 2777 2172 2872 ¹quemadmodurnl’att-

131 2880 225 2974 'rum
237 2913 388 2965 numero
404 2897 485 2956 sunt
509 2881 586 2960 isti,
613 2880 673 2973 qui
692 2890 817 2970 petunt
833 2901 852 2944 a
868 2871 998 2946 Schola
1012 2885 1132 2941 nostra
1181 2877 1238 2947 lus
1252 2874 1339 2947 dicit
1354 2876 1399 2944 de
1417 2897 1468 2943 se:
1496 2873 1577 2955 Non
1591 2877 1831 2949 adulterantes
1849 2881 1998 2951 veritum
2012 2878 2095 2963 Dei,
2116 2880 2170 2947 sed

137 3020 274 3074 nomen
290 2986 494 3064 etoiliciunr
512 2980 734 3052 Ductorisin
752 3003 847 3047 saera
863 2972 1076 3063 Theologia,
1184 3003 1225 3047 ex
1255 2975 1474 3057 sinceritate,
1509 3000 1550 3045 es
1572 2974 1666 3060 Deo,
1696 3005 1814 3051 coram
1841 2980 1937 3062 Deo,
1971 2983 2009 3051 in
2034 2976 2171 3053 Christo

246 3092 396 3186 Quaerit
426 3085 575 3179 aliquis,
612 3107 699 3151 num
730 3077 798 3149 hoc
829 3074 956 3148 liceat?
991 3078 1134 3169 qnando
1184 3077 1375 3170 loquimur.
1425 3074 1500 3147 Nee
1531 3077 1695 3167 displioet
1727 3077 1871 3155 Christo
1891 3084 1966 3163 ‚illa
2002 3084 2172 3162 volontas.

135 3203 308 3278 Chrlstus
321 3192 424 3265 dicits
448 3186 570 3258 Nolite
585 3182 704 3252 vocari
715 3179 856 3263 tiabat,
880 3176 939 3248 vel
955 3176 1136 3266 Magistri?
1184 3177 1350 3274 qusquis
1366 3177 1404 3249 in
1421 3172 1578 3259 Ecclesia
1595 3180 1672 3252 uult
1695 3182 1770 3259 heri
1781 3185 1920 3275 maior,
1942 3184 2072 3270 idest,
2096 3181 2173 3255 Ms-

127 3292 377 3396 ,Respoadeoz
400 3285 795 3378 ,Licetillisquiounm
808 3280 1016 3370 magistrum
1028 3273 1135 3349 Chri·
1181 3283 1313 3372 gistau,
1336 3279 1489 3367 Ductor,
1514 3276 1659 3362 Pastor,
1683 3283 1758 3353 siae
1780 3284 2026 3367 Praedicator,
2060 3285 2171 3357 siho-

144 3424 237 3478 stum
252 3407 470 3493 sequuntur,
491 3403 526 3459 et
541 3412 616 3456 non
631 3385 757 3454 volunt
773 3388 900 3452 docere
914 3381 1012 3450 aliud
1029 3404 1135 3472 quarn
1152 3456 1156 3463 ,
1187 3406 1274 3453 num
1288 3404 1379 3472 opus
1395 3381 1588 3464 desiderat,
1618 3382 1740 3469 idest,
1765 3388 2004 3460 ministerium
2026 3387 2173 3482 qnaeris

138 3509 297 3577 uerbum
322 3497 380 3569 sni
400 3488 558 3580 magistri
579 3483 722 3559 Christi.
776 3482 870 3573 Quia
889 3479 1056 3555 Christus
1072 3483 1136 3551 ad·
1186 3497 1228 3555 ut
1247 3477 1414 3557 Christos
1434 3482 1540 3563 dicit,
1563 3483 1612 3555 sit
1632 3500 1745 3556 vester
1767 3487 1939 3563 minister.
1991 3487 2093 3561 Haec
2107 3487 2174 3559 disi

141 3612 217 3680 dit:
238 3603 340 3677 Unus
352 3612 409 3667 est
421 3593 517 3663 enim
535 3589 699 3678 magister
715 3580 1020 3659 vesterChristus.
1054 3582 1137 3653 Non
1188 3584 1280 3669 illis,
1311 3584 1375 3675 qni
1407 3581 1584 3655 obiiciunt
1617 3587 1721 3657 nobis
1753 3588 1861 3661 illud:
1904 3589 2029 3663 Nolite
2065 3588 2174 3663 vorari

139 3712 281 3783 debent
295 3705 333 3771 in
348 3693 503 3768 Ecclesia
517 3695 643 3761 docere
657 3689 717 3759 alii
735 3686 911 3777 magistri,
938 3686 1137 3755 aliidoeto·
1188 3684 1326 3757 Rabbi:
1362 3708 1435 3753 non
1468 3688 1688 3757 attendentes
1719 3691 1866 3773 verbnm
1893 3688 2053 3778 Christi,
2084 3693 2173 3788 quod

140 3835 224 3889 ees,
257 3805 321 3875 alii
342 3814 519 3890 pastores,
552 3805 649 3865 extra
672 3785 875 3868 Christum,
908 3788 1006 3857 aliud
1031 3802 1137 3879 quarn
1188 3786 1365 3880 seqnitur:
1395 3785 1493 3858 Unus
1512 3800 1561 3855 est
1578 3789 1672 3858 enim
1692 3793 1856 3882 magister
1872 3809 1986 3866 vester
2004 3790 2173 3866 Christus

142 3911 313 3984 Christus
334 3907 455 3978 docet,
486 3910 548 3965 aut
568 3892 733 3994 aliudad
761 3889 910 3960 salutem
941 3886 1139 3970 hominum,
1191 3887 1313 3982 Neque
1330 3889 1450 3957 vident
1473 3889 1622 3958 studiosi
1638 3894 1893 3980 contentionis,
1920 3898 2016 3989 quod
2040 3920 2177 3989 prsete-

142 4034 259 4109 qunm
278 4006 396 4076 sulum
411 3993 613 4074 Christum,
628 3992 701 4085 qui
719 4016 785 4083 pro
808 3990 912 4061 nobis
928 3988 1023 4081 patri
1038 3986 1138 4059 vieti·
1192 3995 1244 4060 dit
1266 3991 1305 4058 in
1322 3991 1438 4084 verbis
1451 3984 1601 4061 Christi:
1627 3991 1746 4062 Nolite
1766 3995 1920 4090 aliquem
1939 4000 2044 4068 vohis
2060 4021 2177 4070 vocare

143 4139 210 4185 msa
230 4113 347 4181 ectus
365 4115 436 4177 est,-
486 4097 593 4169 Solus
614 4089 779 4167 Christus
802 4105 858 4165 est
877 4093 1079 4163 audiendus
1102 4091 1140 4163 in
1191 4104 1327 4182 patrem
1349 4107 1626 4183 superterram,
1651 4091 1752 4164 Unus
1774 4096 2179 4175 estenimPatervester

150 4208 390 4292 Ecclesiaemt
414 4225 487 4271 non
509 4198 571 4269 elii
595 4195 771 4285 magistri,
795 4193 857 4285 qui
878 4192 1141 4276 aliud³doreut
1192 4195 1230 4262 in
1256 4192 1364 4261 coelo.
1415 4192 1554 4264 Stultus
1575 4189 1634 4269 hie
1656 4194 1783 4280 fueris,
1808 4199 1838 4266 si
1862 4223 1903 4271 ex
1922 4202 2032 4272 verbo
2050 4198 2178 4273 Christi

150 4310 451 4412 quamadmodum
474 4303 550 4389 ipse
563 4298 667 4370 dicit:
695 4296 769 4386 Qui
781 4318 845 4365 vos
861 4294 982 4377 audit,
1005 4317 1063 4363 sne
1076 4319 1142 4365 au·
1189 4294 1344 4377 dixeris,
1374 4309 1508 4383 patrem
1530 4295 1593 4387 qui
1620 4311 1654 4366 te
1680 4298 1821 4386 genuit,
1854 4324 1929 4371 non
1952 4327 2028 4375 esse
2048 4298 2179 4396 patrem

147 4421 218 4490 dit.
255 4412 336 4484 ¹Sir
354 4402 567 4498 praedicant
591 4397 774 4493 Apostoli,
814 4409 855 4467 nt
879 4419 953 4465 non
979 4390 1142 4465 hoaasines
1193 4410 1312 4466 tuum:
1337 4397 1420 4488 quia
1446 4391 1586 4465 horest
1609 4397 1793 4471 manifeste
1814 4416 1935 4474 eontra
1957 4421 2178 4500 praereptum

147 4512 311 4605 magistri
327 4509 538 4587 audiantur,
562 4503 622 4571 sed
638 4500 803 4571 arrffiatur
818 4498 857 4567 in
872 4495 923 4565 eis
938 4496 1000 4567 ille
1015 4496 1143 4567 unicus
1193 4495 1278 4567 Dei:
1303 4493 1451 4566 Honora
1469 4509 1603 4589 patrem
1619 4512 1738 4586 tuum,
1764 4516 1829 4577 etc.

148 4606 517 4706 snagisterChristus,
568 4600 665 4673 ttaec
685 4617 737 4672 est
757 4600 869 4687 gloria
885 4595 1063 4669 Ecclesiae
1077 4596 1143 4669 Dei
1297 4593 1397 4686 Quid
1419 4620 1508 4691 opus
1531 4613 1580 4670 est
1603 4600 1902 4691 pluribus'serhis
1919 4607 1958 4675 in
1975 4603 2179 4683 hacretatn

154 4742 263 4808 super
293 4730 442 4787 terram,
477 4707 575 4799 qnod
602 4704 718 4794 ipsum
743 4697 926 4771 Christum
947 4698 1145 4770 Dominum
1194 4699 1404 4770 manifesta?
1434 4696 1531 4772 Deus
1547 4701 1639 4790 ipse,
1664 4706 2039 4799 utaprincipiodiri,
2067 4727 2180 4784 utru-

155 4822 307 4913 gloriae,
328 4813 390 4906 qui
414 4811 512 4881 sedet
530 4809 573 4874 ad
596 4809 773 4873 dexteram
789 4799 922 4883 Patris,
947 4801 1047 4872 audit
1064 4799 1146 4871 Ma-
1195 4802 1249 4872 dit
1264 4802 1349 4871 tales
1367 4802 1545 4894 operarios
1559 4802 1598 4872 in
1614 4827 1760 4875 messem
1775 4788 1894 4894 snam,
1918 4809 1993 4881 sive
2011 4814 2182 4897 nolentes.

156 4926 307 5014 &aaran
330 4931 364 4983 et
383 4910 571 4983 Ductorem
594 4909 632 4973 iu
649 4904 778 4973 sanctis
799 4901 873 4971 suis
894 4901 1146 4990 praedicatori·
1195 4917 1236 4973 ut
1258 4901 1461 4975 leremiam:
1495 4905 1569 4974 sive
1592 4907 1750 4977 volentes
1772 4921 1808 4980 et
1834 4911 2055 5001 postulantes
2078 4914 2181 5013 (ques

152 5029 226 5095 hus
247 5034 283 5090 et
296 5013 520 5094 doctoribus,
545 5009 608 5101 qui
625 5005 781 5075 osticium
796 5015 831 5073 et
849 5002 1011 5073 ‘laborem
1035 5003 1147 5072 susci·
1195 5005 1305 5074 etiam
1330 5006 1376 5075 ad
1408 4999 1476 5076 hoc
1505 5005 1576 5096 agit
1598 5004 1754 5096 Spiritus
1776 5007 1944 5107 Domini)
1972 5029 2013 5086 ut
2032 5014 2182 5101 Esaiam

157 5129 314 5219 pientes,
348 5117 441 5184 hiant
466 5136 540 5181 non
564 5106 701 5179 domini
726 5104 857 5186 nostri,
887 5106 950 5174 sed
979 5104 1148 5188 ministri,
1197 5109 1498 5198 quemadmodum
1531 5104 1589 5177 hic
1626 5106 1793 5199 Magister
1816 5107 2006 5186 ΜιΙιΙιίον
2032 5120 2182 5211 postulat

152 5221 458 5320 quemadmodum
480 5207 645 5283 Christus
667 5207 784 5277 addit:
817 5204 937 5275 Maior
959 5204 1149 5290 intervos,
1196 5231 1218 5276 a
1240 5208 1344 5276 nobis
1367 5209 1511 5280 titulum
1537 5223 1574 5280 et
1600 5213 1748 5298 madum
1769 5210 1933 5285 Doctoris
1957 5213 2182 5314 Theologiae,

157 5333 202 5396 sit
222 5317 522 5393 vestcrnainister.
556 5311 630 5400 (lui
645 5309 739 5378 enim
755 5306 912 5397 seipsum
928 5307 1066 5386 exaltat,
1081 5321 1147 5379 ete.
1196 5308 1408 5381 recteiacit:
1435 5311 1617 5404 quianon
1641 5312 1757 5385 solum
1782 5339 1915 5388 nornen
1935 5324 2098 5415 quaerit,
2125 5324 2181 5405 sed
