4546 5760
80 203 83 207 ,
111 131 188 207 188

102 304 187 412 ΙΝο.
202 302 261 375 14.
942 326 991 368 on.
1008 303 1102 371 1522.

938 394 1103 424 Μ

175 496 1113 650 ψΛειὲειιιεειιιιειειιιιιιῖειίιι

222 652 328 695 tentum
347 642 419 710 apud
437 640 612 696 vincentium
631 649 657 693 et
672 638 701 692 iu
712 637 826 710 Scriptis
842 635 944 708 public.
957 637 1033 692 acad.
1094 656 1113 690 r·

112 778 123 801 ι
218 712 274 767 ιιι..
297 711 389 767 τιτι.
408 711 530 784 peso».

486 875 546 943 Eu
570 865 747 942 Hesiodo.

125 1017 245 1105 Οὗτος
257 1017 329 1118 μὲν
343 1018 570 1118 πανάριστος
585 1018 624 1102 ὃς
640 1019 745 1116 αὐτῷ
759 1011 883 1090 πάντα
897 1012 1022 1113 νοήσει
1088 1062 1091 1075 »

51 1149 55 1156 ’
124 1121 398 1225 φρασσόμενος,
422 1122 500 1199 tob?
514 1125 635 1197 ἔπειτα
644 1119 706 1195 καὶ
716 1114 1113 1214 ἐςτέλοςήσινᾶμείνω.

39 1287 41 1293 s
124 1226 257 1310 ἐσθλός
273 1225 310 1302 δ’
330 1223 379 1301 αὖ
395 1228 582 1313 κάκεῖνος,
611 1218 706 1306 liceri
725 1217 864 1296 εἰπόντι
878 1219 1045 1317 πίθηται.

125 1327 175 1412 ὥς
189 1327 272 1405 dixe
283 1329 359 1425 ped
376 1330 481 1427 αὐτῷ
493 1326 597 1422 νοέη,
624 1324 705 1420 μήτ’
723 1325 837 1397 ἄλλου
853 1319 1006 1397 ἀκούων

126 1432 165 1507 ἐν
181 1433 298 1528 θυμῷ
313 1425 505 1530 βάλλεται,
534 1427 593 1504 iid’
612 1423 691 1501 αὖτ’
710 1421 861 1524 ἀχρήιος
875 1421 982 1522 ἀνήρ.

127 1568 262 1642 Omnia
280 1593 342 1659 per
357 1593 431 1639 sese
446 1568 507 1662 qui
524 1566 705 1661 praevidet
716 1562 872 1655 optimus
888 1564 948 1631 ille
966 1578 1032 1633 est:

126 1671 315 1740 Proximus
330 1671 390 1740 ille
405 1686 523 1741 tamen
540 1669 600 1762 qui
619 1680 714 1758 paret
728 1679 820 1735 recta
835 1666 1012 1734 monenti:

127 1772 197 1842 Sed
212 1772 274 1866 qui
290 1797 363 1844 non
380 1773 471 1864 sapit
482 1773 572 1864 ipse,
598 1778 662 1839 n'ec
681 1769 780 1836 audit
793 1780 886 1837 recta
898 1780 1114 1852 monentem,

127 1872 244 1946 Invita
260 1874 290 1943 ei
306 1891 462 1947 mentem
477 1875 603 1943 misero
620 1883 744 1940 natura
760 1868 912 1957 negavit.

478 2051 579 2113 Aliter
603 2049 762 2111 redditum.

127 2262 130 2268 ,
182 2202 215 2271 1.
268 2194 340 2285 Qui
359 2197 459 2264 nullo
477 2194 650 2263 monitore
669 2206 779 2282 potest
796 2192 954 2261 iacienda
967 2193 1097 2279 videre,

131 2300 302 2392 Quaeque
316 2302 450 2378 decent,
477 2320 635 2390 quaeque
653 2309 798 2363 eventus
812 2299 849 2362 iu
867 2295 1116 2365 linesecundos

128 2388 224 2473 Sunt
239 2406 379 2470 tandem
396 2401 572 2490 paritura,
597 2397 740 2488 suisque
755 2399 973 2485 obtemperat
992 2397 1065 2487 ipse

130 2503 316 2589 Consiliis,
342 2524 458 2578 mores
477 2524 558 2569 vera
573 2499 710 2568 ratione
724 2498 938 2583 gubernans,

131 2604 256 2677 Anteit
272 2600 330 2673 bic
344 2604 432 2672 alios
448 2602 578 2672 virtute
593 2614 626 2668 et
640 2600 805 2667 laudibus
819 2623 954 2671 omnes.

182 2713 217 2780 2.
269 2704 362 2776 Sunt
378 2705 439 2772 alii
457 2703 575 2770 minus
592 2701 734 2789 ingenio
752 2701 912 2792 plerique
926 2723 1074 2790 sagaces,

132 2809 204 2900 Qui
224 2809 345 2900 parere
362 2819 481 2875 tamen
498 2817 622 2874 curant
638 2803 785 2871 meliora
802 2803 973 2889 monenti,

130 2910 345 2982 Laudandus
361 2907 454 2975 inter
471 2920 563 2976 recte
579 2919 813 2975 numerantur
826 2917 860 2975 et
874 2905 943 2979 isti.

183 3013 218 3083 3.
270 3010 340 3082 Sed
373 3008 436 3102 qui
457 3001 535 3078 'nec
564 3007 656 3106 sapit
689 3007 781 3097 ipse,
810 3032 875 3076 nec
899 3007 1000 3079 audit
1020 3023 1114 3081 recta

584 3123 781 3194 monentes,

130 3218 203 3289 Nec
219 3214 351 3308 patitur
366 3215 503 3295 frenos,
527 3235 592 3279 nec
608 3210 725 3300 legum
743 3209 884 3279 vincula
895 3225 1012 3295 curat,

130 3320 199 3392 Sed
215 3339 350 3410 pronus
364 3314 540 3408 sequitur,
564 3337 635 3405 quo
651 3312 756 3382 traxit
768 3335 867 3382 caeca
883 3312 1008 3397 libido,

130 3420 199 3490 Hic
216 3420 347 3498 malus,
373 3442 412 3486 ac
428 3417 511 3485 odio
527 3415 654 3504 dignus
670 3416 836 3496 ducatur,
862 3428 895 3483 et
909 3415 1003 3483 idem

133 3521 294 3593 Accerset
312 3544 441 3612 poenas
457 3516 525 3588 sihi
540 3519 700 3602 tandem,
727 3531 760 3587 et
775 3517 887 3586 tristia
905 3518 1045 3592 damna.

137 3733 797 3750 Woeu-vw-n-v—-Q
803 3733 851 3742 nv·-
858 3735 868 3744 .,
877 3734 961 3744 ...ι-..υ
967 3733 1089 3743 u—-nv--n-

922 3919 987 4015 (a.
1005 3925 1114 4006 τετε.)

938 4017 1105 4045 Nm

199 4125 230 4178 ln
249 4121 384 4191 farragine
408 4118 497 4173 Secer.
517 4115 605 4182 edits3
628 4116 692 4170 item
713 4117 741 4170 in
760 4135 822 4190 opp.
845 4118 904 4174 Bae.
923 4120 1003 4179 T.V,
1022 4123 1115 4192 pm,

232 4189 570 4319 Aiubviffem'aiobm'
608 4185 695 4240 Etiam
713 4186 867 4259 inscriptis
880 4190 954 4259 publ.
970 4193 1044 4248 acad.
1059 4195 1115 4247 Wi.

232 4272 286 4319 te.
329 4300 337 4315 .
393 4277 446 4329 .p.
535 4293 543 4310 .

179 4399 421 4494 Dilectione
447 4418 615 4489 Homeri.
666 4420 802 4507 (Sebeda
818 4425 937 4506 publice
952 4425 1068 4508 attae.)
1106 4441 1109 4445 ·

133 4572 226 4643 Vera
242 4591 292 4647 est
308 4576 400 4644 lama
416 4573 531 4643 bonos
546 4568 671 4659 agitari
687 4570 834 4640 numine
853 4570 968 4660 Vates,

183 4675 271 4746 Nam
287 4671 384 4746 Deus
398 4676 543 4745 illorum
559 4688 699 4764 pectora
719 4685 811 4742 casta
826 4689 956 4750 movet.

133 4777 287 4849 Virtutis
304 4793 484 4869 praecepta
501 4790 652 4859 canunt,
674 4798 712 4843 ac
728 4775 867 4844 vatibus
885 4792 988 4848 autor

185 4879 351 4949 Tradidit
368 4879 404 4947 in
421 4880 522 4949 terris
540 4878 598 4946 illa
615 4879 772 4960 docenda
788 4877 894 4947 Deus.

134 4982 315 5075 Largaque
330 5006 409 5050 cum
427 4981 524 5050 coelo
543 4981 660 5050 veniat
675 4979 856 5058 sacurnlia,
884 5005 1007 5052 rursus

186 5080 329 5178 Eloquii
350 5083 440 5150 vircs
454 5083 562 5152 altera
576 5083 668 5149 dona
685 5081 795 5151 dedit.

132 5181 194 5256 Est
214 5187 322 5276 igitur
336 5184 444 5276 pietas
460 5183 630 5277 quaedam
647 5205 854 5272 cognoscere
870 5181 1077 5276 Homerum,

184 5286 273 5360 Cum
288 5289 381 5359 hona
395 5289 439 5356 de
456 5308 622 5377 superum
637 5308 782 5355 munera
800 5288 881 5354 sede
896 5290 995 5363 ferat.

728 130 730 137 ⁴
849 121 1174 200 CARMINUM
1216 123 1324 243 LlB.
1364 126 1393 200 i.

2078 135 2146 216 l'tl

1967 314 2034 396 (ι...
2047 312 2155 400 ssu.)

1986 405 2159 437 m

1175 295 1242 370 uo.
1264 251 1328 374 τε
1413 353 1423 373 .

1176 397 1339 420 Μ

1231 504 1263 560 ln
1277 496 1415 573 ferragine
1426 501 1520 560 Sacer.
1556 503 1626 562 item
1639 506 1668 563 iu
1682 526 1747 583 opp.
1762 507 1825 568 Bae.
1842 508 1876 565 Τ.
1886 509 1921 568 V.
1940 529 1967 584 p.
1976 463 2040 567 816.
2050 521 2077 566 ει
2090 484 2167 581 apud

1268 572 1396 628 Vincent.
1417 591 1442 645 p.
1454 571 1513 628 tto.
2054 630 2059 645 ,

1443 720 1501 788 Er
1525 719 1683 794 coeundo
1709 721 1864 796 Iliados.

1165 846 1223 920 Ad
1238 872 1347 918 naves
1364 842 1506 919 Ithacus
1523 875 1673 945 propere
1691 857 1875 926 contendit
1891 850 2063 942 Achivos,

1164 950 1212 1022 Et
1226 964 1362 1042 sceptro
1378 967 1533 1022 armatus
1549 955 1680 1045 perfert
1697 958 1861 1026 mandata
1876 956 2077 1042 Minervae,

1165 1054 1234 1124 Hic
1250 1053 1313 1121 ubi
1327 1054 1419 1123 forte
1431 1053 1587 1146 aliquem
1606 1079 1798 1147 procerum
1810 1060 1941 1129 virtute
1958 1060 2102 1133 videbat

1165 1155 1425 1240 Praestantem,
1452 1156 1585 1226 blando
1601 1161 1788 1230 revocabat
1805 1161 1951 1231 comiter
1966 1187 2041 1237 ore.

1166 1251 2151 1354 Nonbaec,nondecetlraecfortesluga,sistepudendum

1167 1359 2149 1458 Sistegradum,incautumquesimulcompescitovulgus,

1168 1458 1316 1532 Atridae
1334 1462 1483 1553 quaesit
1500 1466 1660 1533 nondum
1678 1466 1851 1535 sententia
1868 1468 1976 1554 nosti,

1168 1562 1234 1631 llle
1247 1561 1384 1630 animos
1400 1575 1536 1634 tantum
1554 1567 1651 1637 valer
1666 1568 1871 1658 explorabat
1886 1570 2031 1653 inertes,

1167 1663 1307 1758 Ecquid
1324 1659 1441 1734 adhuc
1458 1666 1552 1735 salva
1570 1671 1700 1758 pudeat
1715 1670 1895 1740 discedere
1911 1670 2035 1741 Troia.

1168 1764 1332 1836 Forsitan
1350 1779 1383 1835 et
1399 1768 1523 1836 turbae
1539 1770 1638 1840 dabit
1655 1766 1738 1840 huic
1754 1771 1890 1841 insania
1907 1797 2051 1862 poenas.

1168 1867 1248 1937 Non
1266 1881 1335 1945 est,
1360 1870 1463 1937 crede
1478 1866 1586 1950 mibi,
1612 1869 1751 1962 Regum
1767 1873 1952 1965 placabilis
1968 1876 2033 1961 ira,

1168 1968 1372 2053 Maiestate,
1400 1984 1523 2060 potens
1538 1996 1656 2042 rerum
1673 1998 1763 2067 quos
1778 1975 1913 2066 Iupiter
1929 1979 2039 2050 auxit.

1167 2069 1262 2141 Huic
1278 2072 1381 2140 etiam
1399 2070 1555 2143 Graecae
1569 2076 1639 2144 dux
1654 2101 1756 2145 curae
1769 2091 1820 2146 est
1832 2078 1945 2167 gentis
1959 2076 2111 2164 Atrides,

1168 2171 1302 2242 Verum
1316 2198 1354 2241 err
1367 2174 1630 2267 plebealiquem
1641 2179 1692 2245 nil
1702 2203 1848 2268 magnae
1859 2181 1975 2250 laudis
1984 2197 2139 2272 egentem,

1169 2273 1273 2344 Tunc
1288 2275 1391 2343 etiarn
1407 2276 1536 2345 stolido
1552 2290 1689 2347 tantum
1705 2280 1858 2350 clamore
1872 2283 2025 2353 ferocem

1167 2373 1409 2466 Deprendens‚
1427 2376 1720 2472 dureincrepitat‚
1734 2387 2140 2478 sceptrumqueminatur.
2165 2409 2169 2425 ⁴

1169 2476 1251 2564 Quo
1269 2502 1394 2547 vesane
1409 2480 1500 2564 ruis,
1519 2497 1750 2575 ,mentemque
1764 2485 1845 2577 quis
1860 2486 2006 2577 impulit
2021 2487 2132 2560 error?

1168 2577 1266 2666 Quin
1284 2581 1366 2648 ades
1382 2596 1415 2649 ει
1431 2582 1558 2649 ιηεΙίοτ
1572 2608 1662 2676 quae
1677 2586 1721 2653 sit
1737 2588 1910 2658 sententia
1927 2589 2024 2660 disce

1167 2680 1410 2772 Principibus,
1437 2683 1568 2776 quibus
1583 2698 1633 2754 est
1648 2686 1733 2756 solis
1747 2712 1802 2757 res
1816 2690 1958 2780 publica
1970 2717 2090 2779 curae,
2115 2739 2118 2744 -
2166 2714 2169 2771 i

1168 2780 1283 2870 Quam
1302 2807 1413 2875 neque
1430 2785 1600 2871 consilio,
1625 2812 1739 2881 neque
1755 2793 1865 2880 possis
1880 2791 1996 2862 Marte
2013 2795 2131 2876 iuvare,
2167 2794 2169 2865 l

1167 2881 1348 2953 Omnibus
1366 2882 1423 2953 bic
1442 2910 1623 2979 nunquam
1638 2891 1746 2959 simul
1763 2893 1964 2983 imperitare
1982 2898 2109 2978 licebit,
2167 2885 2169 2917 ¹

1167 2986 1255 3055 Nam
1273 2986 1402 3055 multus
1418 2991 1709 3077 regnarcmalum
1729 3007 1797 3077 est,
1823 2991 1901 3064 Rex
1916 2998 2046 3085 unicus
2061 3015 2132 3079 esto,
2165 2998 2169 3140 ή

1166 3086 1233 3156 Cui
1249 3103 1442 3178 sceptrum,
1467 3090 1523 3157 cui
1540 3090 1617 3160 iura
1632 3095 1730 3165 ‹teuir
1744 3094 1934 3165 Saturnius
1949 3101 2028 3186 uni,

1164 3188 1258 3259 Huic
1274 3192 1518 3282 debesparere
1533 3191 1641 3280 Duci,
1667 3210 1771 3290 atque
1795 3198 1919 3267 audire
1943 3217 2137 3273 monentem.

1175 3377 1406 3390 m·-

1164 3488 1302 3613 Q.

1751 3379 2138 3400 -—-....3...„,-,ae
2166 3389 2169 3408 Ι

1962 3508 2028 3587 (an.
2045 3497 2136 3588 aaa)
2164 3467 2169 3512 ⁴¹

1980 3596 2132 3628 w
2162 3636 2169 3657 a

1235 3689 1266 3742 ln
1282 3689 1419 3770 farragine
1431 3689 1547 3759 Seceriig
1567 3694 1631 3749 item
1646 3697 1674 3750 in
1689 3713 1754 3770 opp.
1767 3699 1829 3758 Bas.
1846 3700 1880 3756 T.
1889 3700 1923 3756 V.
1942 3703 2036 3775 p.886.
2047 3713 2071 3759 et
2084 3695 2136 3775 apul

1271 3759 1394 3814 vincent.
1413 3781 1440 3832 p.
1455 3761 1513 3817 181.

1324 3907 1384 3974 Ea*
1408 3903 1549 3976 Iliados
1573 3904 1666 3979 libro
1692 3919 1820 4002 sesto,
1854 3919 2004 3987 Hector.

1166 4040 1241 4108 Ζεῦ
1256 4034 1397 4109 ἅλλοιτο
1411 4035 1512 4124 θεοὶ,
1538 4034 1623 4113 όότε
1638 4038 1762 4137 δήκαὶ
1777 4042 1886 4121 τόνδε
1900 4048 2078 4148 γενέσθαι

1165 4134 1270 4209 παῖδ’
1288 4136 1397 4243 ἐμόν,
1425 4136 1475 4222 ὠς
1486 4138 1548 4213 καὶ
1565 4136 1706 4240 ἐγῶπερ
1723 4146 1923 4242 ἀριπρεπέα
1938 4146 2116 4249 τριόεσσιν.

1167 4236 1239 4311 dide
1253 4235 1362 4334 βιλήν
1376 4239 1405 4313 τ’
1425 4239 1577 4341 ἀγαθὸν
1591 4241 1653 4316 καὶ
1668 4242 1764 4320 ilion
1780 4246 1838 4345 ἶφι
1854 4247 2043 4328 ἄνόσσειν.

1166 4338 1229 4413 καὶ
1242 4339 1333 4413 ποτέ
1338 4369 1391 4423 τις
1400 4343 1529 4438 ἔιπησι,
1556 4343 1696 4438 πατρὸς
1707 4346 1744 4420 d'
1756 4348 1820 4449 ὅγε
1830 4351 2134 4449 πολλόνᾶμεόνειι,

1167 4441 1217 4538 ε’κΙ
1224 4441 1384 4534 πολέμου
1400 4442 1572 4533 ἀνίοντα,
1599 4447 1703 4545 φόροι
1720 4448 1758 4523 ‹l'
1778 4453 1893 4551 ἔναρα
1906 4453 2115 4553 βροτόεντα,

1166 4540 1312 4626 κτείνας
1326 4539 1434 4640 δήϊον
1451 4545 1574 4644 ἄνδρα
1581 4603 1594 4636 ,
1618 4550 1749 4648 χαρείη
1766 4551 1807 4629 di
1824 4556 1945 4655 φρένα
1958 4555 2089 4659 μήτηρ.

1168 4679 1203 4753 Ο
1220 4683 1338 4771 superi
1356 4686 1460 4754 talem
1479 4686 1554 4755 fieri
1572 4689 1752 4758 concedite
1768 4693 1925 4782 gnatum,

1168 4786 1294 4874 Qualis
1311 4808 1372 4874 ego
1390 4789 1518 4873 existo,
1545 4804 1580 4858 et
1597 4791 1726 4859 virtute
1748 4795 1916 4866 excellere
1931 4799 2038 4888 cives,
2066 4796 2073 4806 ⁸

1170 4885 1300 4976 Ingens
1314 4900 1351 4956 ut
1369 4891 1501 4978 patriae
1519 4892 1563 4960 sit
1579 4892 1863 4989 praesidiumque
1880 4901 2058 4997 decusque

1167 4986 1214 5058 Et
1229 4991 1257 5057 si
1277 4991 1418 5082 quando
1435 4991 1525 5061 redit
1542 5017 1641 5060 caeso
1656 4993 1828 5066 foeliciter
1841 4994 1955 5087 hoste,

1168 5087 1215 5160 Et
1233 5092 1354 5181 spoliis
1370 5105 1511 5176 auctus,
1537 5094 1757 5168 conclament
1772 5102 1932 5194 undique
1949 5103 2079 5182 Troes:

1167 5189 1235 5261 Hic
1251 5205 1392 5282 superat
1407 5193 1536 5265 virtute
1549 5210 1701 5285 patrem,
1727 5223 1817 5291 quae
1831 5203 1941 5292 gloria
1956 5212 2056 5296 gnati

1167 5293 1310 5366 Soletur
1326 5294 1600 5388 tristemxmatris
1617 5314 1819 5395 recreetque
1832 5322 2022 5389 senectam.
