4552 5766
64 174 133 259 as
654 176 1074 284 ouansrronss
1107 159 1507 263 acinnnmsn
2014 184 2092 269 ns

60 356 170 449 ipisus
204 356 332 430 cidens
366 357 648 458 inextricabilem
681 363 926 459 quaestionem
964 384 1050 445 esse,
1100 372 1249 453 propter
1264 350 1332 429 hac
1345 358 1520 433 sententia
1536 357 1726 454 explicata,
1748 360 1885 457 reliqna
1901 359 2023 435 omnia
2037 359 2090 433 la-

62 456 178 533 llusis
197 482 282 531 cum
303 484 505 535 sermonem
521 465 705 552 attribuit,
730 492 818 563 quas
838 467 939 539 velut
958 462 1050 536 vati·
1101 461 1207 534 cilius
1221 463 1406 555 patebunt.

62 560 223 633 deantes
247 562 367 653 fingit,
401 567 551 638 obscme
575 592 715 640 cauum
740 570 900 641 recitare.
964 563 1049 637 ldeo

62 674 171 735 sanas
200 686 277 735 esse
300 666 506 759 politiorum
530 670 718 761 periodos,
751 696 822 767 qua
844 671 883 742 in
903 692 1050 763 genera—
1202 661 1286 737 Duo
1300 678 1418 736 sutem
1435 664 1474 735 in
1488 659 1556 736 bae
1569 668 1742 743 sententia
1753 681 1987 761 quaeruntur,
2011 660 2093 736 Pri·

58 764 342 857 tiuuciungatur
355 770 599 863 sesquitertiae
613 774 810 867 quinarius.
859 768 949 843 Eius
964 768 1049 841 dicti
1101 792 1181 850 mo,
1208 792 1381 861 quasnam
1395 766 1612 838 Harmonias
1633 762 1655 840 ὁ
1674 764 1835 864 πυθμὴν
1850 768 2093 862 sesquitertius

60 866 121 939 stri
135 867 272 957 multae
286 869 755 962 interpretationessdoctis
766 876 945 969 quaesitae
957 886 1050 957 sunt,
1102 869 1269 962 praebeat
1298 870 1338 939 iu
1369 870 1567 940 mutatione
1589 871 1707 959 legum
1732 886 1767 942 et
1787 885 1898 943 status
1922 870 2092 960 imperio·

59 980 179 1043 mn
201 962 294 1040 hanc
315 972 612 1063 simplicissimam
633 1001 707 1047 csse
728 977 870 1062 iudico,
902 991 942 1047 nt
964 999 1049 1046 con·
1101 970 1208 1042 rum?
1248 968 1388 1041 Deinde
1403 996 1474 1064 quo
1490 985 1648 1063 tempore
1662 972 1725 1041 illa
1742 974 1892 1044 mutatio
1905 971 1990 1045 liat?
2032 968 2093 1043 Ad

58 1070 303 1143 unmtiarnm
331 1070 414 1144 linis
440 1089 568 1147 natura
596 1080 780 1150 ordinatus
800 1095 870 1162 est,
900 1077 1048 1149 eumad
1102 1072 1253 1165 primam
1280 1073 1522 1165 quaestionem
1545 1075 1760 1164 respondeo,
1794 1099 1884 1167 quae
1906 1071 2094 1164 triplicatis

57 1166 257 1247 δωιασῶν
281 1189 427 1245 ventum
450 1190 517 1249 est:
551 1178 601 1249 ita
624 1181 764 1271 legibus
787 1179 970 1263 letalibus,
1001 1177 1052 1249 ait
1102 1175 1274 1244 lateribus
1300 1178 1369 1245 τοῦ
1397 1168 1592 1267 πυθμένος
1618 1174 1853 1269 sesquitertii,
1893 1188 2093 1245 excrescant
2151 1264 2157 1275 x

10 1310 14 1365 .'
58 1273 214 1347 subinde
233 1296 327 1345 noca
344 1276 492 1370 imperia
508 1280 639 1350 exoriri
655 1282 843 1352 ruentibus
858 1281 1051 1372 prioribus,
1102 1274 1957 1371 superDiatessaronsemiditonuscumdiapente‚
1972 1275 2093 1347 etdia·

10 1368 13 1419 ²
56 1388 246 1471 propterea
259 1380 357 1471 quod
372 1380 626 1471 praestantiora
642 1384 816 1467 deliciant,
841 1385 955 1454 donec
968 1406 1050 1452 rur·
1102 1400 1214 1471 pason
1234 1402 1315 1448 cum
1335 1378 1567 1462 semiditono,
1590 1378 1629 1448 id
1650 1393 1721 1463 est,
1745 1380 1892 1471 septima
1908 1376 2092 1449 etdecima

53 1500 117 1549 sus
146 1477 248 1549 letali
272 1479 391 1573 aliqua
419 1482 496 1570 lege
517 1485 579 1554 liat
602 1485 830 1568 instauratio,
863 1507 953 1579 qnae
974 1484 1049 1576 ipsa
1100 1492 1415 1573 superquartam,
1445 1493 1487 1550 ut
1516 1504 1613 1549 nuno
1639 1482 1746 1570 vulgo
1770 1480 1963 1575 loquimur.
2013 1475 2093 1549 Eui

57 1579 235 1653 sementia
255 1592 373 1650 tamen
396 1585 574 1671 adlirmat,
605 1587 729 1657 divina
750 1586 975 1679 providentia
999 1585 1049 1655 sic
1101 1581 1197 1650 euim
1224 1581 1304 1651 aliis
1332 1581 1478 1653 musicis
1501 1582 1658 1653 modulis
1680 1583 1906 1653 intervallum
1929 1583 2007 1676 Ἣ
2033 1604 2093 1651 ra-

57 1680 261 1753 amin-nm
289 1704 363 1752 csse
392 1698 426 1755 et
456 1710 576 1756 rerum
605 1704 640 1763 ct
663 1685 850 1759 hominum
873 1701 1049 1766 naturam,
1101 1682 1210 1754 tionis
1232 1683 1372 1775 explere
1393 1706 1597 1775 possemus,
1621 1698 1740 1754 nmen
1763 1684 1855 1754 illud
1872 1684 2021 1753 minime
2037 1683 2092 1753 la·

58 1796 99 1855 ut
124 1784 315 1855 moritus
346 1784 506 1876 imperiis
534 1789 603 1859 alia
635 1790 910 1864 constituantur.
976 1786 1046 1861 Sed
1101 1784 1269 1855 ciendum
1287 1808 1362 1854 esse
1379 1807 1581 1870 censemus,
1607 1787 1703 1878 quod
1723 1784 1884 1856 Platonis
1896 1783 2092 1857 sententiae

56 1908 201 1957 musam
224 1884 349 1955 ruinae
367 1902 544 1961 monstrat
564 1893 726 1963 doctrina
741 1889 937 1977 Ecclesiae,
959 1914 1049 1983 quac
1100 1885 1215 1975 magis
1230 1887 1450 1959 conveniunt
1467 1881 1694 1972 barmoniae,
1720 1911 1807 1981 quas
1823 1887 1993 1976 praebent
2007 1884 2092 1957 bina

56 1986 242 2071 adfirmat,
263 1988 477 2060 mutationes
492 1991 724 2085 imperiorum
741 2017 871 2086 poenas
886 2017 959 2063 esse
974 2016 1048 2062 sce-
1100 1987 1217 2057 media
1242 1987 1542 2079 proportionalia,
1567 2014 1659 2082 quae
1680 1990 1775 2061 inter
1790 1990 1967 2080 triplicata
1982 1987 2091 2059 latera

56 2087 187 2173 lemn,
210 2112 302 2182 quae
317 2090 440 2181 populi
457 2107 493 2163 et
506 2090 621 2185 Reges
636 2110 907 2187 perpetrarunt·
936 2092 1048 2184 Saepe
1100 2090 1274 2188 existunt,
1308 2090 1442 2185 alioqui
1465 2089 1562 2159 enim
1585 2091 1706 2184 plures
1729 2086 1953 2176 harmoniae,
1984 2114 2092 2185 quam

56 2184 265 2261 hocvemm
279 2205 347 2261 est:
373 2189 554 2288 Quicquid
570 2194 860 2287 delirantches,
886 2196 1047 2288 plectun-
1101 2194 1193 2263 duae
1220 2193 1428 2262 accederent
1455 2192 1697 2287 sesquitertiae
1724 2191 1870 2268 rationi.
1919 2188 2092 2284 Appella-

54 2303 117 2362 tur
141 2286 285 2365 Achivi.
350 2290 421 2363 Sed
446 2295 536 2364 illud
561 2297 666 2367 ctiam
691 2323 794 2390 saepe
817 2298 967 2383 accidit,
1007 2310 1048 2367 nt
1099 2315 1180 2362 mus
1197 2292 1306 2382 igitur
1326 2294 1413 2364 duas
1427 2287 1633 2365 harmonias
1650 2295 1819 2388 peculiari
1833 2295 1959 2365 modo:
1985 2291 2092 2364 semi-

55 2387 244 2484 Priucipcs
260 2407 406 2485 propter
423 2397 547 2489 populi
562 2399 689 2470 delicta
707 2400 920 2492 puniantur,
944 2411 984 2469 ut
998 2397 1048 2467 ait
1099 2394 1265 2465 ditonum
1285 2419 1367 2467 curn
1387 2395 1575 2485 diapente,
1599 2409 1634 2466 et
1655 2398 1826 2488 diapason
1847 2419 1927 2467 cum
1944 2393 2091 2465 semidi·

55 2491 249 2565 Salomonr
285 2492 437 2586 Propter
467 2515 606 2589 peccata
638 2501 760 2593 populi
790 2501 933 2571 crebrae
961 2512 1048 2570 sunt
1100 2510 1204 2581 tono,
1235 2520 1387 2589 quarum
1408 2496 1602 2588 posterior,
1630 2492 1698 2568 hoc
1720 2510 1773 2568 est
1794 2496 1949 2582 decima,
1981 2495 2090 2566 etsia

54 2596 270 2667 muneres
290 2592 513 2689 Principum.
576 2598 681 2673 Hanc
709 2602 879 2673 moralem
906 2624 1045 2673 causam
1098 2598 1306 2669 cantoribus
1329 2621 1393 2689 pro
1415 2592 1602 2670 harmonia
1623 2593 1791 2669 habetur:
1817 2611 1937 2668 tamen
1956 2593 2090 2667 Musici

55 2695 284 2788 praecipuam
309 2721 384 2768 esse
409 2700 574 2773 sciamus.
638 2702 851 2775 Studeamus
872 2717 989 2774 autem
1013 2714 1046 2773 et
1099 2697 1304 2792 pracsertim
1336 2693 1563 2794 Pythagorici
1597 2724 1674 2771 earu
1714 2699 1882 2772 reiiciunt
1919 2712 2089 2792 tanquam

55 2797 172 2868 lenire
194 2797 300 2869 nobis
325 2800 391 2889 ipsi
417 2826 622 2873 communes
639 2804 807 2875 miserias.
840 2782 949 2875 'Nam
968 2828 1046 2873 mo
1098 2824 1244 2892 prorsus
1270 2801 1474 2885 dissonam,
1506 2801 1624 2893 ipsum
1651 2802 1824 2894 diapason
1853 2802 2089 2881 excedentem.

53 2899 258 2985 deratiune,
288 2900 495 2992 disciplina,
524 2905 683 2996 pictate„
704 2906 886 2976 flectemus
916 2903 1046 2985 Deum,
1097 2899 1284 2973 Caeterum
1306 2900 1540 2972 semiditonus
1562 2928 1642 2974 cum
1664 2903 1830 2994 diapente
1852 2927 1913 2979 seu
1929 2901 2090 2994 septima,

54 3014 97 3074 ut
109 3000 252 3089 mitiget
268 3024 421 3092 poenas,
444 3018 486 3076 ut
502 3021 647 3100 propter
664 3007 919 3098 poenitentiam
937 3004 1046 3097 Regis
1097 3028 1172 3075 unu
1185 3012 1247 3073 ore
1262 3003 1307 3073 ab
1321 3003 1489 3073 omnibus
1503 3018 1538 3077 et
1551 3004 1695 3093 musicis
1709 3022 1744 3074 et
1753 3003 1972 3089 cantoribus,
1996 3001 2090 3072 inter

53 3101 227 3195 etpupuli
241 3104 394 3175 mutavit
409 3106 589 3178 decretum
604 3110 648 3179 de
656 3108 804 3179 Ninive:
830 3106 914 3198 Quo
927 3131 1046 3178 exem·
1097 3103 1268 3179 stridulas
1296 3099 1527 3200 symphonias
1555 3105 1733 3180 obiicitur.
1801 3102 1951 3176 Constat
1978 3102 2090 3193 igitur

52 3204 113 3297 plo
128 3202 269 3274 illustre
282 3205 524 3278 testimouium
540 3211 644 3281 nobis
658 3209 855 3302 proposuit,
878 3234 923 3279 ne
936 3208 1045 3279 stoica
1097 3205 1356 3301 sesquitertiam
1382 3206 1560 3277 rationem
1588 3205 1767 3279 dulcisoni
1794 3206 2013 3279 diatessaron
2035 3218 2090 3277 ter

52 3303 260 3379 amiate
287 3304 363 3396 regi
392 3322 449 3378 res
479 3304 652 3381 humanas
675 3310 932 3396 existimemus,
963 3334 1044 3381 cuns
1097 3305 1327 3399 compositam
1348 3308 1517 3398 praebere
1537 3308 1627 3380 duas
1648 3308 1904 3394 dissonantias,
1934 3306 2088 3377 maxims

51 3430 158 3479 strum
172 3406 281 3477 etiam
296 3409 477 3480 decretum
493 3411 684 3483 mutaverit
697 3427 843 3505 propter
857 3407 1044 3483 bominum
1096 3407 1291 3479 menradum
1307 3403 1564 3502 Pythagoram,
1589 3434 1610 3480 a
1630 3435 1703 3504 quo
1717 3405 1820 3481 Plato
1846 3408 2000 3502 plurima
2018 3430 2089 3478 nu·

52 3508 350 3580 mandationem.
402 3508 497 3600 Quia
511 3514 590 3585 vult
607 3508 674 3585 boc
689 3514 851 3605 agnosci,
875 3514 970 3608 quod
987 3536 1044 3583 ce·
1097 3533 1277 3581 merorum
1301 3504 1518 3580 theoremata
1540 3511 1708 3602 sumpsit,
1730 3505 1931 3581 harmoniis
1949 3533 2089 3581 accom-

52 3608 215 3681 lsbratur
234 3611 279 3680 de
295 3610 394 3703 ipso,
416 3610 474 3683 bis
491 3615 625 3685 verbiss
649 3614 732 3686 Non
745 3615 929 3686 delectaris
945 3614 1045 3685 Deus
1097 3614 1251 3694 modata‚
1276 3609 1384 3703 idque
1400 3611 1632 3683 nonininria.
1683 3607 1902 3707 Pythagoras
1917 3612 2013 3681 euim
2029 3610 2093 3681 in‹

51 3710 254 3807 perditione
273 3712 406 3800 nostri,
429 3716 492 3784 sed
508 3728 585 3807 post
602 3712 790 3788 lachrimas
805 3718 925 3788 reddis
942 3714 1046 3787 laeti·
1096 3725 1224 3784 centor
1236 3710 1380 3783 illarum
1393 3711 1573 3785 rationum
1587 3727 1623 3786 et
1636 3737 1800 3785 summus
1812 3714 1937 3789 artilex
1952 3711 2032 3787 luit.

50 3812 157 3885 ciam.
222 3810 276 3884 lta
297 3837 395 3885 nnnc
415 3817 633 3908 poenitentia
656 3832 690 3887 et
712 3843 795 3889 vera
819 3818 1045 3888 invocatione

50 3914 193 3987 flectcre
207 3937 289 3985 eum
304 3918 527 4003 studeamus,
551 3933 591 3990 ut
606 3914 668 3989 has
682 3912 858 3991 Ecclesiae
871 3934 907 3991 ct
922 3943 1044 3989 earum
1198 3913 1256 3987 Ad
1281 3917 1471 3989 secundam
1487 3916 1730 4010 quaestionem
1750 3917 1949 4008 respondeo
1970 3915 2089 3987 verbis

50 4008 207 4109 hospitia
221 4031 356 4102 servet,
382 4041 448 4090 nec
463 4020 557 4091 sinat
572 4020 713 4091 vincere
727 4045 807 4108 eos,
832 4019 895 4116 qui
909 4018 1044 4093 conan-
1096 4014 1277 4100 Platonis,
1309 4042 1400 4112 quae
1422 4018 1505 4088 illae
1525 4019 1739 4089 mutationes
1762 4019 1869 4104 liant,
1901 4012 2088 4112 quandod

49 4130 113 4189 tur
144 4114 245 4189 idola
275 4118 454 4205 stabilire,
500 4146 591 4217 quae
626 4117 793 4192 horribili
827 4123 1043 4195 contumelia
1096 4116 1256 4213 πυθμὴν
1277 4120 1521 4213 sesquitertius
1543 4120 1763 4210 triplicatur,
1786 4121 1861 4189 sive
1883 4115 2088 4197 utAristot.

48 4214 168 4289 mum
190 4219 371 4288 adiiciunt.
423 4220 507 4291 idco
528 4239 673 4316 propter
693 4224 842 4312 gloriam
862 4239 895 4295 et
914 4226 1044 4295 verita·
1095 4220 1267 4314 loquitur,
1292 4224 1436 4314 quando
1452 4244 1621 4291 numerus
1634 4221 1897 4311 diagrammatis
1911 4220 1985 4290 sive
1998 4243 2088 4310 qua·

48 4332 121 4391 tem
151 4332 250 4392 tuam
279 4334 420 4392 aeterne
442 4320 539 4394 Deus
562 4346 628 4396 nos
650 4339 793 4420 protege
816 4342 852 4398 et
873 4328 1043 4418 guberna.
1096 4323 1261 4412 draugnli
1285 4324 1323 4393 lit
1342 4322 1498 4408 solidus,
1524 4318 1594 4393 hoc
1608 4336 1678 4408 est,
1708 4324 1806 4397 1728
1822 4321 1938 4392 annis.
1990 4318 2088 4393 Haec

47 4416 145 4495 uixi.
776 4425 779 4429 ’
1096 4439 1137 4496 ut
1166 4424 1404 4514 explicentur,
1433 4440 1467 4496 et
1495 4439 1678 4517 appareat,
1710 4449 1797 4495 num
1821 4418 1908 4495 haec
1930 4439 2024 4495 recte
2044 4448 2086 4493 ex

1095 4525 1268 4596 sententia
1294 4522 1454 4594 Platonis
1484 4527 1737 4618 protulerimus
1769 4549 1907 4597 necesse
1936 4540 1986 4596 est
2020 4549 2088 4597 nos

99 4718 103 4725 ·
205 4650 396 4739 ¹³²'''''⁶‘¹¹''⁰
426 4650 642 4724 mmm
671 4654 884 4744 eas-,ae
1093 4626 1590 4818 llt‘tltllrlllxl
1610 4625 2087 4800 tetl⁰tssnllltrll·

149 4826 268 4896 Verba
295 4823 457 4896 Platonis
494 4827 532 4896 in
568 4842 694 4901 octavo
721 4833 934 4903 πολιτικῶνε
984 4819 1041 4903 ὧν
1093 4832 1208 4922 ipsum
1237 4829 1333 4899 enim
1359 4830 1570 4900 vocabulum
1596 4830 1737 4920 proprie
1758 4831 1932 4919 significat
1955 4832 2088 4901 lurida-

46 4921 231 5019 ἐπίτριτος
256 4922 418 5019 πυθμὴν
445 4922 632 5019 πεμπτᾶδι
658 4926 844 5030 συζυγεὶς,
877 4925 948 5003 δύο
971 4926 1040 5024 oip-
1091 4947 1252 5003 ruentum
1267 4956 1329 5002 sen
1343 4933 1516 5015 fundum,
1540 4932 1613 4999 sive
1627 4945 1821 5000 extremum
1838 4932 1988 5004 alicuius
2006 4956 2085 5002 cor-

44 5024 185 5120 μονίας
208 5025 407 5123 παρέχεται
433 5025 515 5120 τρὶς
539 5027 725 5124 αὐξηθεὶς,
787 5031 889 5122 Quae
909 5024 1048 5102 deinde‘
1091 5036 1205 5126 poris,
1232 5024 1327 5127 qdod
1352 5058 1472 5103 severa
1497 5058 1537 5103 ex
1556 5030 1760 5103 Geometria
1780 5048 1916 5103 cosrstat
1934 5056 2007 5103 esse
2024 5058 2085 5101 su-

43 5130 86 5203 in
109 5130 506 5223 Platone-sequuntur,
538 5132 762 5213 obscuriora,
796 5149 836 5205 ut
859 5135 1038 5220 videntur,
1090 5135 1279 5227 perficiem.
1357 5132 1585 5227 Quapropter
1616 5134 1768 5203 sciamus
1796 5132 1983 5204 Platonem
2016 5128 2084 5203 hoc

44 5227 131 5304 huic
152 5231 348 5301 sententiae
369 5231 489 5299 onmia
513 5246 597 5302 sunt
617 5234 775 5315 inclusa,
806 5252 847 5307 ut
868 5252 903 5307 et
924 5235 1037 5312 Arist.
1088 5238 1262 5308 vocabulo
1292 5235 1512 5327 superficiem
1543 5237 1728 5326 designare
1756 5250 1790 5306 et
1820 5235 1967 5329 quidem
1995 5259 2084 5326 qua-

41 5334 228 5413 innltirno
245 5328 885 5425 cap.quintiPuliticorumiudicavit.
936 5335 1063 5428 Qua-2
1088 5338 1314 5429 drangulum,
1347 5338 1437 5409 deut
1467 5337 1578 5433 liquet
1607 5364 1649 5409 ex
1676 5335 1884 5422 Aristotele,
1924 5335 1987 5428 qni
2013 5328 2085 5427 adv
