1467 1596
230 121 269 153 9⁸⁵¹

231 164 261 182 dia
269 164 292 181 ad
299 163 374 186 gloriam
382 162 426 184 Dei,
437 162 556 187 Reipublicae
566 163 652 187 salntem,
665 167 683 181 et
695 167 725 182 to-

231 193 268 208 tam
280 189 401 212 posteritatem
415 189 511 212 putinent.
540 188 601 213 Quare
618 189 725 212 negligentia

231 215 251 233 in
258 215 343 232 discendo
351 214 405 232 laedit
411 214 485 237 gloriam
494 214 528 232 Dei
533 228 538 236 ‚
545 215 638 237 perturbat
644 214 702 238 Remp
703 221 725 232 n-

231 241 308 262 blicam,
321 243 338 258 et
351 243 402 258 nocet
413 240 463 257 omni
475 240 579 263 posteritati.
605 240 647 258 Ideo
659 239 726 258 adhor-

232 270 261 284 tor
273 271 305 283 vos
315 269 389 289 propter
400 264 469 286 Deum,
485 269 505 283 nt
515 271 574 283 mores
585 266 691 288 emendetit,
708 269 726 284 et

232 291 357 312 consideretis,
370 291 412 315 quid
422 291 499 314 postulet
507 291 552 309 ratio
559 291 614 309 officii
621 291 684 313 vestri,
695 298 725 309 co-

232 317 290 340 gitetis
298 315 377 334 scholam
386 322 423 334 esse
432 317 544 340 praecipuam
558 320 626 340 partem
636 316 725 335 Ecclesiae

232 341 306 361 Christi.
335 342 368 360 Est
379 346 437 360 autem
449 348 511 365 magna
520 342 610 365 impietas,
623 343 674 360 malis
686 349 725 360 mo-

232 369 282 386 ribus
292 372 310 386 et
321 368 409 386 scandalis
420 368 520 385 deformare
527 367 631 386 Ecclesiam.
658 367 693 386 Ista
705 374 725 386 ex

232 394 376 418 praeceptoribus
383 393 446 411 vestris
453 393 533 417 quotidie
540 393 613 414 auditis,
625 393 681 416 Leges
688 400 725 412 esse

232 419 267 438 Dei
272 425 334 437 vocem
339 433 344 441 ‚
356 425 420 443 easque
427 419 480 437 nobis
487 419 561 436 traditas
569 425 616 441 ease,
628 419 670 443 quia
677 419 725 437 Deus

232 446 275 463 velit
283 451 315 463 nos
322 451 355 463 auo
363 445 417 462 verbo
425 445 472 467 regi,
485 450 522 462 non
531 445 614 463 velitum
622 445 681 463 laxare
689 446 725 463 fre-

231 477 276 488 num
284 471 349 488 nostris
360 470 492 494 cupiditatibus.
519 470 610 488 Promittit
617 469 666 488 Dens
672 471 725 489 etiam

232 496 310 520 praemia
317 496 455 517 obedientibus,
468 496 513 513 sicnt
521 495 565 514 haec
576 496 613 519 ipsa
625 502 660 514 vox
672 500 725 514 testa-

233 526 270 540 tur:
282 521 356 539 Honora
365 525 432 544 patrem
440 524 458 539 et
468 525 552 542 matrem,
565 525 585 539 nt
595 522 619 539 sis
630 521 726 544 longaevu-

233 553 286 570 super
302 550 374 565 terram.
400 546 499 564 Foeliciora
517 550 570 565 erunt
587 547 607 564 iu
622 547 672 565 omui
688 548 725 565 vita

232 573 306 590 consilia
314 576 382 593 vestra,
395 576 412 590 et
425 573 475 590 vobis
487 576 504 590 et
514 572 641 596 Reipublicae,
654 573 670 590 ai
682 572 725 591 haec

232 598 284 616 initia
295 598 351 620 vitae,
363 602 380 616 et
392 598 443 621 qnasi
451 598 529 621 primurn
541 601 599 616 actum
611 602 657 616 recte
665 599 725 621 agetis.

232 623 298 642 Contra
309 623 387 646 improbi
401 627 419 641 et
433 624 541 646 negligentes
552 624 621 641 dabunt
634 623 671 641 Deo
681 624 725 641 olim

232 655 294 672 graves
301 655 371 672 poenas.
386 648 435 667 Dens
442 649 490 666 enim
497 655 534 666 non
541 649 607 667 favebit
614 655 675 667 comm
682 655 725 667 con-

232 675 278 692 siliis
288 678 341 699 atque
351 674 457 693 actionibus.
483 674 544 696 Quare
554 675 601 692 caeci
610 678 672 696 ruent,
685 681 725 693 cor-

232 703 295 721 ruent,
308 703 325 718 et
334 703 423 718 accerseut
431 700 466 717 sibi
473 700 577 723 perniciem.
602 699 659 723 Saepe
671 701 724 719 etiam

232 729 305 749 propter
313 732 410 749 pancorum
421 725 499 743 furorem
508 729 613 743 evertuntur
624 729 671 743 totae
679 726 724 744 Res-

231 751 319 774 publicae.
345 751 399 769 Nulla
411 754 436 768 est
443 751 490 768 enim
499 751 585 774 sapientia
592 751 630 769 aine
640 751 678 769 Deo
687 752 724 769 ior-

231 780 299 795 tnnata.
329 776 372 794 Ideo
385 776 404 794 in
416 776 513 794 Salomone
525 776 610 799 scriptum
620 780 654 795 est:
675 776 724 795 Deus

230 803 261 820 dat
276 802 380 825 sapientiam
395 806 412 820 ot
426 808 531 820 successum.
558 802 655 825 Proponite
669 803 724 826 igitur

231 828 288 846 oculis
301 831 319 846 et
330 828 408 851 praemia
418 831 436 845 et
446 833 522 851 poenas,
536 831 554 845 et
566 828 649 850 cogitate,
666 828 724 846 Deum

230 859 310 871 veracem
318 859 364 875 esse,
376 853 472 876 praestabit
480 852 528 871 haud
536 854 591 871 dubie
598 854 723 872 obedientibus

231 879 318 902 praemia,
332 882 350 896 et
355 879 418 902 puniet
425 882 542 897 contumaces.
568 878 608 897 Hoc
616 879 676 897 animo
687 879 723 897 iam

230 905 290 922 audite
301 907 376 926 statuta,
386 908 403 922 et
414 904 499 927 cogitate,
512 910 543 922 vos
552 903 591 922 Deo
602 905 723 923 obedientiam

230 930 305 950 debere,
322 933 339 948 et
356 928 405 948 hunc
418 930 485 947 mltum
497 929 535 947 Deo
548 936 585 948 esee
596 930 722 953 gratissimum.

230 955 306 973 Nostrae
322 955 370 973 enim
381 955 428 978 leges
438 954 486 972 nihil
497 955 591 974 continent
603 956 723 980 tyrannicum,

230 981 261 998 sed
273 984 365 1004 praecepta
372 981 514 1004 complectuntur
520 981 572 999 utilia
581 981 653 1001 studiis.
666 982 723 1000 mori-

229 1006 272 1028 bus,
289 1010 306 1024 et
317 1006 408 1024 communi
418 1006 549 1030 tranquillitati.
579 1006 616 1025 Nec
633 1007 682 1025 aliud
699 1008 722 1025 de

230 1032 320 1053 moribus,
333 1035 350 1049 et
358 1037 399 1050 cura
408 1032 484 1049 tuendae
493 1032 628 1056 tranquillitatis
636 1032 722 1056 praecipi-

229 1063 279 1079 mus,
295 1063 348 1081 qnam
356 1058 404 1081 qnod
413 1057 461 1075 Deus
473 1064 482 1074 e
490 1058 539 1075 coelo
551 1057 612 1075 sonuit
619 1058 666 1075 clara
673 1064 722 1079 voce,

229 1084 313 1107 quodque
321 1082 410 1101 Dominus
417 1086 478 1101 noster
485 1081 534 1100 lesus
538 1081 620 1101 Christus
627 1084 721 1107 praecepit,

228 1108 259 1132 qui
268 1112 314 1126 certe
322 1108 410 1131 postulat,
423 1112 444 1126 nt
452 1108 505 1126 honis
515 1108 596 1126 mnribna
603 1107 720 1132 Evangelium

228 1134 281 1152 nobis
290 1135 376 1152 donatum
383 1140 477 1154 ornemus,
487 1137 508 1152 ut
520 1138 581 1152 nostra
592 1134 671 1160 exempla
681 1135 721 1152 aliis

215 1166 217 1168 “
228 1160 302 1183 prosint.
326 1159 351 1178 Et
362 1166 464 1183 quanquam
472 1158 505 1177 hae
514 1164 585 1178 nostrae
595 1156 641 1183 lege·
652 1163 720 1178 tantum

229 1186 251 1203 de
260 1189 331 1203 externa
341 1185 475 1203 conversatione
484 1185 602 1209 praecipiunt:
615 1189 674 1203 tamen
686 1186 721 1204 sci-

227 1211 251 1228 tis
258 1210 305 1228 hanc
313 1211 438 1234 paedagogiam
446 1211 561 1229 necessariam
568 1217 611 1233 esse,
618 1217 671 1235 quarn
679 1212 720 1235 qui-

228 1236 269 1254 dem
286 1236 353 1254 Paulus
367 1235 465 1254 honorifice
481 1236 560 1258 ornavit,
576 1243 617 1254 cnm
633 1237 666 1255 ait:
683 1243 720 1255 esse

228 1261 353 1285 paedogogiam
366 1262 386 1279 in
392 1261 493 1283 Christum,
509 1260 543 1279 hue
553 1265 588 1283 est,
601 1261 720 1285 disciplinam,

227 1293 273 1311 quse
281 1287 375 1306 assuefacit
383 1288 435 1305 rudes
441 1301 445 1309 ‚
453 1291 474 1305 ut
480 1287 550 1305 discant
557 1287 654 1310 intelligere
658 1287 719 1306 Evan-

227 1313 300 1336 gelinm.
325 1312 368 1330 Non
377 1316 402 1331 est
409 1313 469 1330 efficax
477 1312 595 1336 Evangelium
603 1313 622 1330 in
629 1313 675 1335 illis,
688 1314 719 1337 qui

226 1342 327 1361 contempta
336 1338 442 1361 paedagogia
450 1338 544 1361 indulgent
552 1338 622 1356 vitiosis
629 1339 719 1362 cupidita-

226 1364 279 1383 tibus.
305 1363 366 1386 Quare
373 1363 416 1381 baec
424 1364 531 1387 paedagogia
539 1370 651 1388 nequaquam
662 1365 719 1388 negli-

226 1390 282 1412 genda
290 1393 322 1408 ant
328 1389 459 1413 parvifacienda
467 1393 497 1407 est.

367 1414 429 1433 Recita
437 1415 491 1438 igitur
497 1414 573 1433 statuu-

457 118 615 144 ALLOQUtA
639 119 677 138 ΕΤ
703 119 819 139 BPAEVES
843 118 1020 139 CONCIONES.

874 152 1126 179 mmmmm

803 200 903 219 Audivistis
911 200 990 223 statuta,
1003 201 1069 225 quibus
1075 200 1157 224 postulo,
1170 203 1191 218 ut
1204 199 1244 218 0δό-

752 226 815 247 diatis,
828 230 901 250 propter
908 227 1013 245 mandatum
1022 225 1066 248 Dei,
1078 226 1109 250 qui
1117 225 1216 250 praecipit,
1228 229 1244 244 ut

752 257 814 270 omnen
825 252 860 275 legi
875 252 957 272 divinae,
973 256 990 270 et
1001 252 1133 275 magistratibus
1148 252 1188 270 auis
1205 251 1244 270 obe-

751 278 809 295 diant.
835 277 888 296 Scitis
904 278 952 295 enim
970 278 1038 296 dictum
1054 277 1114 295 Pauli:
1130 276 1207 295 Necesse
1223 280 1245 295 en

752 303 834 325 obedire,
846 309 884 321 non
893 304 951 321 solnm
959 307 1032 327 propter
1040 303 1096 325 iram,
1102 303 1133 321 sed
1142 302 1197 321 etiam
1205 308 1244 326 pm-

752 333 792 353 pter
799 329 932 347 conscientiam.
958 328 997 347 Hoc
1009 329 1077 347 dictum
1088 328 1140 346 vobis
1152 328 1245 352 proponite

752 355 880 376 adolescentes,
893 358 913 372 ιιι
924 360 957 372 vos
967 353 1067 374 coherceat,
1083 354 1125 378 quia
1136 354 1159 371 de
1170 357 1245 378 utroque

752 386 783 398 vos
792 381 886 401 admonet,
899 381 921 398 de
933 386 990 403 poena
1002 383 1020 398 et
1029 379 1096 398 iudicio
1104 379 1144 398 Dei.
1171 379 1220 398 Nam
1231 382 1245 397 et

751 405 800 424 Deus
810 404 885 423 retrahit
896 406 918 423 ad
931 411 1007 429 poenam
1020 409 1139 423 contumaces.
1165 404 1192 423 Et
1202 404 1245 422 illud

752 434 778 449 est
787 431 867 453 tristius,
880 431 928 455 qnod
937 431 1004 449 Paulus
1011 431 1046 453 ait,
1059 430 1177 449 conscientias
1184 430 1246 454 pollui.

753 456 813 479 Quare
824 456 843 475 hi
855 457 887 481 qui
898 457 963 475 timent
969 456 1037 478 Deum,
1050 457 1084 475 isto
1092 456 1141 474 dicto
1153 456 1246 477 admoniti,

752 486 813 505 regant
820 489 878 500 mores
886 483 1001 506 diligentius,
1013 488 1036 500 ne
1049 482 1093 506 quid
1105 482 1173 500 faciant
1185 485 1245 500 centn

752 508 832 532 publicas
841 508 893 531 lega.

802 533 864 557 Nuper
872 537 933 551 eontra
942 533 1027 551 farctum
1035 536 1101 551 temere
1108 532 1164 551 audio
1176 532 1197 550 in
1208 533 1246 551 foro

752 559 849 577 tumultum
857 565 894 577 esse
903 562 972 580 ortum,
984 559 1006 576 de
1013 564 1049 582 quo
1061 564 1117 581 pauca
1124 559 1213 582 quaedam
1220 558 1246 576 di-

752 591 798 603 cam:
812 583 879 602 Omnis
886 590 983 602 concursus
993 584 1125 605 multitudinis,
1137 584 1246 602 eiaocednnt

752 610 866 631 vociferatio,
879 610 950 628 iactatio
964 610 1056 633 lapidum,
1068 613 1100 628 ant
1111 609 1179 627 similes
1189 609 1246 633 impe-

752 639 790 657 tus,
802 634 857 653 habet
864 636 940 659 speciem
950 635 1049 653 seditionis.
1074 635 1128 653 Scitis
1139 638 1199 653 autem
1210 640 1246 653 esse

752 667 838 679 summam
847 661 986 685 turpitudinem,
995 660 1080 678 seditioni
1086 661 1177 679 interesse.
1190 660 1247 679 Dein-

751 687 774 704 de
781 690 868 711 qnantum
880 687 904 705 sit
914 686 990 710 periculi
1000 686 1020 703 in
1030 686 1062 704 tali
1070 692 1167 706 concursu,
1180 692 1247 709 expen-

751 713 794 730 dite.
823 712 869 730 Nam
880 713 895 730 si
907 712 984 730 vicissim
997 718 1045 729 arma
1056 712 1104 730 cives
1114 712 1214 735 cepissent,
1230 715 1246 729 d

751 741 791 756 orta
806 738 868 755 finisset
882 738 942 761 aliqua
957 738 1028 759 caedes,
1044 743 1097 761 qnam
1111 737 1147 755 late
1163 741 1246 761 vagatum

752 767 797 781 esset
808 763 826 781 id
839 763 919 781 malum?
944 763 1005 786 Quare
1016 763 1068 780 vohis
1080 763 1157 783 mando,
1170 769 1194 781 ne
1207 762 1246 787 quis

750 789 773 807 sit
782 792 834 807 autor
841 789 869 807 vel
876 789 948 807 adiutor
956 789 1018 807 talium
1026 794 1152 806 coneurannm.

772 821 775 824 ·
801 813 862 832 Audio
870 815 957 838 quosdam
969 814 1023 832 fuisse
1034 812 1246 835 dehortatores‚l1orum

750 840 836 858 modestia
847 840 901 863 digna
914 843 941 858 eat
951 839 1129 863 lande.1mperitos
1141 843 1202 858 sutem
1214 840 1246 858 ad-

749 871 824 887 moneo,
844 869 864 884 nt
880 865 956 889 periculi
970 865 1111 888 magnitudinem
1126 866 1245 884 considerent

750 890 770 909 si
782 891 841 913 enirn,
855 891 903 915 qnod
915 890 964 909 Deua
979 888 1082 914 prohibeat,
1098 891 1157 909 caedis
1172 891 1244 910 initium

750 916 808 938 fleret,
825 917 868 940 quid
882 917 963 934 tumtum
975 916 1033 934 esset?
1057 916 1132 934 Nostrae
1148 916 1202 938 fidei,
1219 920 1244 935 tot

749 941 820 960 honesti
837 941 929 962 homines,
946 945 1028 965 parentes
1044 942 1098 960 vestri
1115 948 1157 960 snos
1171 942 1244 963 liberos,

749 973 794 991 quoa
801 966 867 986 habent
877 968 988 989 carissimos,
1001 968 1137 989 commendant,
1149 968 1216 986 volunt
1224 971 1244 986 ut

748 993 795 1016 apud
803 999 837 1011 nos
843 993 879 1011 sint
886 993 906 1010 in
914 996 964 1014 tuto,
977 993 1013 1011 acsi
1021 993 1071 1010 domi
1083 996 1141 1011 eueut
1151 993 1201 1011 iutra
1213 999 1243 1017 pa-

748 1022 820 1036 rentum
827 1022 872 1037 tecta
880 1022 898 1036 et
905 1022 984 1042 penates.
1010 1018 1048 1036 Nos
1058 1025 1131 1042 quoque
1141 1022 1201 1042 tegere
1213 1025 1244 1037 eos

748 1044 777 1062 vel
784 1050 825 1062 cnm
834 1044 881 1062 vitae
889 1047 960 1062 nostrae
967 1044 1046 1067 pericu-lu
1051 1044 1140 1067 cupimus.

799 1074 834 1092 Sed
842 1074 921 1092 vicissim
929 1074 964 1097 ipsi
970 1080 1007 1092 non
1015 1074 1081 1092 debent
1089 1080 1126 1092 esse
1133 1074 1243 1093 seditionum

747 1103 827 1123 autores,
834 1106 872 1117 non
880 1100 945 1118 debent
953 1100 1025 1118 turbare
1033 1106 1146 1118 communem
1153 1100 1243 1124 tranquil-

748 1126 820 1144 liutem.
846 1125 890 1143 Ideo
899 1125 987 1143 admoniti
996 1125 1034 1143 sitis
1043 1126 1166 1145 modestiores.

797 1155 889 1173 Praete-rea
900 1158 999 1173 nocturnae
1007 1155 1143 1173 vociferationes
1151 1155 1205 1173 valde
1215 1155 1242 1174 of-

747 1181 823 1199 fendunt
836 1186 898 1203 graves
910 1181 968 1202 viros,
984 1184 1002 1199 et
1014 1181 1092 1204 profecto
1103 1185 1146 1199 sunt
1157 1181 1241 1199 indecora

747 1205 865 1228 scholasticis,
877 1209 895 1224 et
904 1206 995 1224 interdum
1003 1207 1089 1229 praebent
1097 1206 1200 1225 occasiones
1212 1210 1242 1225 tn-

747 1232 838 1250 multibus.
868 1231 911 1250 Ideo
922 1232 1058 1250 vociferationes
1069 1232 1109 1250 illas
1120 1232 1186 1250 iterum
1198 1238 1241 1256 pro—

746 1256 834 1276 hibemus.
860 1257 945 1276 Ulnlatus
953 1257 980 1275 illi
988 1258 1072 1275 nocturni
1082 1258 1151 1281 proprii
1160 1261 1204 1276 sunt.
1212 1258 1240 1276 lu-

746 1290 816 1307 porum.
841 1283 919 1301 Minime
931 1286 990 1301 antem
1002 1283 1052 1301 decet
1060 1289 1092 1301 vos
1104 1283 1171 1301 imitari
1182 1284 1240 1307 lupos.

746 1309 774 1327 Sit
782 1315 817 1327 nox
825 1309 880 1332 quieti
889 1312 907 1326 et
915 1309 1041 1332 tranquillitati
1049 1309 1145 1331 destinata,
1155 1312 1175 1327 ut
1183 1309 1240 1328 inter-

746 1335 777 1352 diu
785 1335 840 1357 magis
848 1334 908 1352 idonei
916 1334 939 1352 ad
946 1334 1010 1353 studia,

796 1363 823 1382 De
830 1364 894 1382 vestitu
901 1364 954 1382 etiam
966 1364 1025 1382 dicere
1033 1364 1092 1387 cupio.
1117 1364 1152 1382 Sed
1161 1364 1182 1382 in
1190 1368 1238 1382 tanta

745 1390 816 1407 licentia
827 1396 890 1413 parnm
903 1390 997 1412 proficiunt
1008 1390 1068 1408 verba.
1097 1389 1167 1408 Honor
1178 1393 1238 1408 tamen

745 1415 852 1433 modestiora
864 1415 945 1438 ingenia,
958 1419 978 1434 nt
989 1416 1008 1433 iu
1020 1415 1086 1434 vestitu
1097 1421 1135 1433 nnn
1143 1415 1238 1434 innitentur
