4546 5760
69 165 143 246 101
238 94 1652 253 sersaonanuu,1nu1cronnnnrscn1rroauu
1702 144 1939 245 mauu.
2036 173 2109 245 102
2208 200 2216 221 ,

64 334 331 427 grammatices,
366 335 455 407 alter
478 358 552 404 nou
576 348 682 406 tenet.
748 329 856 421 Quod
881 328 911 398 si
937 329 984 397 ita
1005 347 1062 394 res
1086 319 1091 360 ¹
1115 336 1278 392 catarum
1310 336 1424 395 totum
1454 344 1564 413 genus
1593 313 1789 402 humanum
1820 333 2107 424 adagnitionem

68 437 199 519 babet,
232 437 335 509 alteri
356 436 537 529 oportebit
561 435 714 528 proponi
738 445 922 525 praecepta
947 452 1064 521 gram-
1113 422 1180 495 Dei
1204 441 1238 496 et
1261 426 1428 510 salntem,
1465 429 1720 518 propagatione
1745 433 1831 522 legis
1858 436 1951 506 inter
1972 455 2104 528 gentes.

65 544 214 618 matices
237 540 434 612 ediscenda.
487 536 583 607 Haec
610 538 772 609 recitabit
787 558 891 604 mane
905 549 1063 602 anteme-
1113 525 1232 597 Huius
1256 529 1342 597 tanti
1364 527 1481 616 operis
1505 530 1628 598 ducem
1644 533 1889 607 existimabant
1906 538 1982 608 fore
1998 539 2106 613 Chri·

65 644 228 728 ridiana,
272 656 392 734 postea
435 654 587 732 exponet
621 637 786 711 *autorem
829 635 1063 729 propositum.
1114 644 1207 698 stum
1242 642 1274 697 et
1304 653 1366 721 per
1394 627 1584 720 Apostolos
1606 635 1889 707 constituendam
1914 666 1988 712 esse
2013 640 2106 717 banc

24 750 27 756 ’
64 746 171 816 Alter
186 743 249 840 qui
263 745 505 834 grammatices
521 743 655 834 peritus
670 744 774 812 etiam
793 753 945 832 exponet
960 748 1063 805 anto·
1113 732 1283 823 optimam
1310 731 1469 822 politiam
1493 747 1567 802 toto
1589 735 1674 806 orbe
1697 752 1881 817 terrarum.
1934 742 2025 815 Cum
2048 745 2105 818 his

64 871 165 930 rem,
188 847 247 916 sed
266 846 306 915 in
324 846 538 915 declinando
555 859 589 914 et
607 846 829 934 coningando
848 854 1063 920 exerceatur,
1113 830 1280 902 humanis
1303 856 1342 902 ac
1364 835 1518 924 politicis
1536 836 1764 927 opinionibus
1779 856 1914 914 mentes
1932 847 2116 937 plurimo-A

63 972 111 1016 ne
138 946 388 1032 obliviscatur,
417 946 487 1036 nisi
510 948 601 1019 forte
623 959 719 1017 tanta
745 944 906 1015 doctrina
930 957 999 1024 est,
1023 951 1062 1007 ut
1112 959 1192 1005 rum
1216 934 1405 1005 fascinatae
1424 949 1555 1016 essent,
1582 935 1733 1025 Paulus,
1760 958 1799 1014 ut
1816 939 1878 1013 bas
1893 950 2053 1020 tenebras
2071 969 2106 1025 et

64 1071 216 1141 prorsus
245 1049 314 1119 ista
342 1049 471 1140 puerili
500 1049 750 1118 exercitatione
771 1042 864 1114 nibil
886 1067 976 1135 opus
999 1037 1062 1108 ba·
1113 1032 1205 1106 hauc
1234 1037 1418 1125 caliginem
1450 1039 1622 1128 depellat,
1656 1046 1828 1129 ostendit,
1868 1047 1972 1139 longe
2005 1054 2104 1124 aliud

65 1153 162 1224 beat.
226 1146 466 1221 Grammatico
486 1162 726 1242 proponatur,
756 1172 862 1240 quarn
888 1134 1061 1238 prius‘[?]
1113 1162 1186 1209 esse
1213 1162 1345 1208 munus
1374 1138 1539 1230 promissi
1570 1141 1788 1230 liberatoris,
1821 1172 1926 1240 quam
1959 1156 2102 1243 politiae

66 1252 261 1323 andierunt
284 1244 514 1345 quaecunque
541 1268 604 1325 est.
664 1248 818 1321 Antores
841 1259 1063 1330 enarrentur,
1112 1237 1604 1315 humanaeconstitutionem.
1644 1243 1724 1315 Non
1741 1241 1888 1319 missum
1906 1276 1979 1324 esse
1994 1253 2102 1328 Chri-

65 1378 175 1448 qnam
191 1354 347 1445 primum
362 1347 576 1433 Terentius,
603 1377 706 1446 quem
724 1354 897 1443 ediscant3
925 1351 985 1418 sed
1004 1372 1061 1414 ca·
1111 1357 1225 1427 stum,
1250 1357 1290 1413 ut
1306 1344 1361 1412 lex
1377 1344 1469 1413 inter
1482 1360 1602 1433 gentes
1618 1364 1840 1438 propagetur,
1864 1367 1906 1424 nt
1921 1379 2013 1429 nova
2030 1357 2103 1428 Im.

64 1457 224 1525 rendum
240 1467 303 1539 est,
328 1444 374 1523 rie
391 1468 586 1525 onerentur
599 1455 763 1526 nimium.
797 1452 890 1524 Satis
907 1467 957 1520 est
972 1474 1062 1544 qno·
1111 1445 1201 1536 perii
1223 1447 1337 1514 forma
1359 1447 1612 1532 constituatnr3
1646 1450 1916 1544 relinquendam
1942 1483 2018 1528 eam
2038 1486 2101 1533 cu-

63 1557 299 1640 tidieaedeceru
318 1554 481 1626 Terentii
502 1579 623 1626 versus
646 1557 810 1629 ediscere.
864 1553 903 1623 Si
928 1563 1062 1621 norunt
1110 1570 1186 1616 ram
1203 1570 1277 1617 esse
1288 1544 1466 1636 Regibus,
1491 1549 1552 1642 qni
1570 1563 1691 1621 tenent
1706 1553 1871 1647 imperia,
1896 1562 1955 1630 sed
1975 1565 2100 1634 datum

65 1657 281 1729 Terentium
308 1672 423 1748 potest
443 1657 602 1749 proponi
629 1659 801 1727 aulularia
830 1648 972 1724 Plauti.
1028 1648 1060 1720 A
1111 1670 1184 1718 esse
1201 1647 1334 1718 Filin‘m
1349 1646 1434 1735 Dei,
1459 1663 1499 1720 ut
1520 1675 1559 1719 re
1580 1650 1653 1742 ipsa
1676 1655 1777 1725 tollat
1795 1674 1993 1748 peccatum,
2023 1666 2100 1757 pla-

65 1759 221 1852 prandio
264 1773 476 1831 enarrentur
515 1760 627 1852 aliqui
668 1783 790 1830 versus
825 1755 985 1848 Virgilii,
1027 1766 1060 1822 et
1110 1765 1184 1835 cata
1202 1751 1254 1819 ira
1272 1749 1339 1820 Dei
1355 1766 1390 1822 et
1406 1767 1574 1837 mortem,
1607 1758 2125 1849 acreddatgenerihumanu'

33 1914 36 1919 -
65 1862 231 1930 tradatur
261 1860 311 1929 eis
336 1857 502 1954 Syntaxis
532 1885 637 1955 quam
671 1885 745 1930 uon
780 1861 955 1942 ediscant,
990 1856 1058 1924 nisi
1110 1865 1313 1943 perpetuam
1348 1853 1522 1922 iusticiam
1558 1867 1593 1924 et
1625 1857 1750 1943 vitam,
1786 1886 1891 1954 qnam
1922 1860 1980 1937 hic
2014 1895 2101 1941 voce
2222 1918 2225 1923 ,

66 1963 171 2055 prins
189 1962 436 2056 etymologiam
451 1963 656 2033 memoriter
669 1963 872 2032 didicerint.
915 1959 1060 2028 Incon-
1110 1951 1295 2045 Evangelii
1313 1956 1442 2025 etdato
1461 1954 1597 2047 Spiritu
1614 1974 1734 2030 sancto
1752 1958 1912 2034 inchoari
1928 1984 2100 2060 oporteat.

65 2064 241 2135 struendo
264 2077 479 2157 quaerantur
499 2066 660 2153 regulae,
684 2089 793 2159 quare
811 2064 872 2132 illa
887 2062 1000 2131 oratio
1015 2059 1060 2129 sit
1110 2055 1206 2127 Haec
1232 2070 1283 2126 est
1305 2058 1477 2127 sententia
1502 2059 1795 2149 promissionum,
1828 2091 1918 2159 qnae
1940 2074 2100 2161 patribus

64 2188 237 2257 congrua,
266 2179 329 2239 etc.
359 2166 463 2249 item,
492 2168 571 2259 quis
595 2168 639 2235 sit
660 2170 749 2236 ordo
766 2164 938 2235 orationis
952 2178 985 2232 et
1003 2162 1058 2230 di·
1111 2162 1211 2228 datae
1231 2173 1334 2237 sunt,
1358 2174 1391 2228 et
1415 2161 1651 2245 concionum,
1676 2189 1766 2255 quae
1784 2165 1823 2235 in
1842 2167 2024 2261 prophetis
2041 2201 2101 2246 ex-

64 2269 240 2341 ctionnm.
291 2263 492 2358 Aprandio
509 2268 657 2357 singulis
673 2265 896 2337 hebdomatis
914 2266 971 2334 die
991 2262 1060 2330 l'e-
1109 2273 1204 2329 stant
1227 2261 1271 2327 de
1294 2256 1449 2329 Christo.
1501 2260 1601 2332 Sicut
1621 2258 1743 2336 Esaias
1767 2268 1858 2338 clare
1878 2273 2102 2346 vocathri-

64 2369 165 2439 neris
195 2380 229 2438 et
253 2365 399 2439 Saturni
424 2371 654 2460 interpretare
681 2370 844 2461 epistolas
866 2365 1059 2445 Ciceronis,
1110 2375 1202 2430 stum
1221 2373 1356 2452 patrem
1373 2375 1538 2432 aeternae
1553 2364 1658 2450 vitae,
1682 2381 1716 2436 et
1732 2366 1896 2441 Ieremias
1913 2377 1980 2462 ait,
2006 2376 2099 2449 Sau-

64 2471 128 2540 sed
145 2470 326 2561 eligendae
341 2484 424 2542 sunt
438 2472 613 2541 faciliores
628 2486 661 2541 et
676 2471 916 2541 iucundiores.
944 2467 1058 2537 Puero
1110 2477 1205 2533 etum
1222 2462 1370 2533 Domini
1394 2487 1467 2532 non
1490 2466 1663 2536 evellalur
1683 2468 1720 2536 ln
1744 2485 1936 2543 aeternum·
1990 2475 2036 2551 Et
2060 2483 2113 2552 iu

65 2570 279 2663 imperitiuri
296 2574 478 2664 prodesset
495 2597 691 2663 proponere
706 2569 889 2642 Catonem.
934 2567 1059 2637 Postea
1109 2560 1201 2635 Osea
1225 2564 1374 2635 dicium
1405 2560 1478 2636 Ero
1498 2582 1665 2637 morstua
1685 2595 1705 2638 o
1724 2568 1843 2658 Mors,
1877 2600 1936 2647 ero
1960 2604 2100 2653 morsus

64 2673 204 2765 aliquid
221 2697 263 2762 ea
279 2673 468 2768 colloquiis
484 2672 632 2744 Erasini.
661 2670 822 2744 Omnino
841 2673 958 2740 omnis
976 2692 1058 2739 cura
1109 2681 1192 2737 tuns
1213 2663 1364 2740 inferne.
1418 2665 1516 2736 Haec
1537 2694 1611 2738 uon
1631 2674 1675 2740 de
1696 2672 1906 2747 liberatione
1924 2680 2020 2752 civili
2038 2702 2100 2758 ant

64 2776 272 2845 conferatur
294 2775 331 2842 in
356 2771 441 2861 boc,
467 2791 507 2846 nt
528 2778 678 2866 perfecte
702 2776 839 2845 discant
856 2772 1058 2862 grammati·
1109 2769 1153 2838 de
1179 2767 1341 2859 Imperiis
1365 2770 1550 2856 dicuntur,
1584 2775 1642 2840 sed
1666 2775 1709 2843 de
1730 2778 1837 2847 rebus
1858 2785 2027 2871 aeternis,
2054 2789 2100 2858 de

64 2896 165 2955 cam,
193 2877 288 2968 qnod
306 2877 380 2946 fere
395 2878 580 2967 negligunt
598 2891 848 2968 praeceptores.
900 2873 1058 2962 Singulis
1109 2885 1249 2961 peccatu
1267 2885 1302 2940 et
1319 2871 1369 2939 ira
1386 2868 1472 2954 Dei,
1499 2874 1543 2941 de
1558 2897 1649 2942 nova
1668 2890 1701 2946 et
1715 2882 1858 2969 propria
1878 2883 1973 2969 luce,
1994 2887 2100 2959 iusti-

64 2975 289 3047 bebdomatis
320 3001 409 3069 puer
441 2979 614 3049 eruditior
641 2981 695 3048 bis
719 2981 850 3049 scribat
875 2976 1057 3068 epistolas3
1109 2972 1161 3040 cia
1177 2972 1348 3041 elvilsslss
1366 2972 1421 3054 55⁸,
1445 2974 1507 3066 qui
1521 2970 1654 3045 Christi
1670 2980 1890 3070 evangellum
1908 2988 2100 3080 accipiunt.

63 3082 218 3150 alterum
234 3080 342 3149 semel
357 3080 509 3151 scribere
524 3083 681 3151 fortassis
695 3083 780 3151 satis
798 3081 875 3150 erit.
928 3076 1059 3149 Assue·
1109 3073 1177 3143 Sed
1197 3098 1237 3143 eo
1256 3087 1390 3143 mentes
1406 3068 1581 3145 hnmanae
1598 3102 1672 3146 nou
1686 3093 1780 3149 recte
1795 3082 1999 3178 intelligunt
2013 3115 2100 3182 pro.

63 3181 222 3250 faciendi
236 3195 320 3251 sunt
335 3183 533 3253 etiamtum
552 3184 733 3253 videbitur
749 3195 985 3274 oportunum,
1013 3180 1054 3247 ad
1110 3175 1293 3244 missiones
1315 3189 1349 3245 et
1372 3200 1504 3244 novam
1529 3175 1723 3265 Iustitiam,
1756 3184 1939 3275 quianon
1964 3211 2099 3266 norunt

62 3281 395 3359 versugfacjendos·
1109 3291 1306 3367 peccatum,
1338 3301 1403 3346 nec
1425 3278 1548 3349 vident
1574 3280 1662 3349 iram
1677 3277 1762 3368 Dei,
1795 3290 1855 3357 sed
1877 3292 2099 3368 arbitrantur

61 3415 66 3421 .
557 3405 561 3412 ·
1108 3402 1181 3447 esse
1209 3379 1299 3447 levia
1323 3380 1415 3448 mala
1438 3393 1473 3449 et
1494 3381 1572 3451 tolli
1595 3381 1696 3471 posse
1718 3379 1874 3458 hnmana
1900 3394 2101 3487 disciplina,

429 3556 444 3585 ι
517 3528 1050 3567 ἡ-.,.,..,..,........,-...
1110 3474 1176 3548 boc
1200 3493 1251 3549 est
1271 3480 1411 3549 iusticia
1432 3481 1529 3570 legis.
1579 3480 1736 3576 Deinde,
1763 3491 2100 3570 cumintantaim-

1108 3581 1300 3652 becillitate
1327 3576 1515 3651 hominnm
1546 3584 1648 3674 pauci
1682 3586 1856 3660 iusticiam
1888 3595 1973 3688 legis
1995 3626 2100 3692 prae.

62 3692 132 3764 No.
149 3685 262 3765 7095.
907 3733 958 3745 -
984 3733 1033 3745 -
1107 3697 1219 3764 stent,
1262 3684 1312 3754 sic
1343 3684 1566 3755 admirantur
1586 3686 1696 3777 legem
1722 3702 1756 3758 et
1773 3693 2026 3790 disciplinam,
2060 3722 2101 3780 ut

72 3787 247 3819 *Μ
376 3780 381 3789 “
900 3791 1045 3814 ⁴⁸⁸
1108 3786 1302 3855 amentiam.
1314 3800 1347 3856 et
1362 3786 1454 3856 vitae
1470 3788 1661 3878 perniciem
1678 3813 1752 3863 esse
1766 3789 1942 3882 iudicent,
1971 3806 2015 3874 de
2029 3808 2099 3879 alia

199 3902 297 4012 (De
326 3902 499 3988 Memfi
528 3906 709 4013 amque
738 3901 921 4011 regno.)
1108 3888 1244 3962 iusticia
1260 3887 1475 4006 concionari,
1500 3903 1563 4009 ant
1578 3891 1778 3964 latefactare
1794 3920 1924 3970 nervos
1940 3905 2100 3999 discipli·
2219 3976 2222 3981 .

1107 4014 1184 4064 nae.
1229 3987 1302 4058 Nec
1316 4013 1399 4059 vero
1414 3992 1643 4062 mlierandnm
1659 4011 1726 4082 est,
1750 4022 1824 4068 rem
1841 4003 1990 4093 bonam,
2016 4013 2105 4102 pul.‚

131 4083 157 4152 †
174 4079 213 4133 ΕΙ
225 4097 318 4151 apogr.
331 4079 359 4132 in
373 4078 436 4135 ωδ·
451 4078 567 4134 serven.
588 4100 615 4153 Ρ·
632 4079 700 4147 ¹⁷⁰o
718 4080 971 4155 recuperasset.
987 4079 1056 4135 ⁸⁵¹⁸·
1106 4086 1226 4159 claram
1241 4105 1276 4161 et
1287 4090 1547 4182 suspiciendam
1562 4118 1635 4164 esse
1651 4099 1883 4190 disciplinam,
1904 4111 1963 4177 sed
1981 4124 2098 4186 tamen

166 4152 248 4225 '5⁸¹³-
1104 4194 1166 4262 illa
1190 4218 1264 4263 uon
1286 4209 1370 4263 sunt
1391 4195 1619 4285 adaugenda,
1644 4199 1771 4289 placari
1796 4205 1884 4274 iram
1906 4205 1991 4293 Dei,
2018 4216 2097 4286 tolli

65 4323 194 4424 Quare
214 4315 385 4407 Messius
402 4321 608 4419 promissus
631 4320 785 4395 Iudaeis
808 4333 840 4394 el
864 4319 1055 4411 Gentibus,
1105 4308 1304 4386 Peccatum
1349 4299 1548 4387 ‘ecul'effli
1588 4299 1696 4388 Illam
1737 4317 1922 4407 “elefnam.
1954 4314 2094 4389 lu⁵ll⁶l³

66 4441 97 4498 et
122 4449 223 4528 quae
248 4422 503 4494 stercoranda
529 4417 666 4496 harum
687 4425 973 4523 promissionum
995 4427 1055 4499 De
1104 4398 1201 4487 ¹⁰85&
1470 4499 1479 4515 ·
1657 4505 1665 4521 υ
1819 4507 1829 4526 .

206 4550 298 4599 nouo
316 4549 426 4620 regno
446 4536 505 4596 etc.
527 4523 723 4598 secundum
741 4523 916 4601 Paulum,
1208 4495 1291 4568 Ideo
1309 4495 1541 4587 Evangebum
1558 4503 1602 4570 de
1619 4504 1687 4573 aba
1703 4506 1899 4596 placatione
1917 4527 1952 4584 et
1968 4516 2012 4584 de
2026 4520 2096 4590 alia
2132 4528 2133 4532 ’

337 4637 454 4715 ΡΜ
487 4640 709 4716 Melanip,
1105 4599 1243 4671 iusticia
1273 4602 1505 4671 concionatur
1536 4616 1570 4673 et
1597 4604 1706 4674 vitam
1732 4622 1908 4681 aeternam
1937 4613 2098 4694 inchoat.

451 4701 461 4721 ’
721 4673 787 4719 on'
1104 4703 1157 4774 De
1179 4698 1235 4771 his
1258 4702 1393 4770 arcanis
1415 4704 1539 4782 rebus,
1564 4720 1603 4774 ut
1618 4708 1740 4778 doceat
1754 4708 1885 4782 Paulus
1898 4713 2095 4794 Ecclesiam

62 4795 193 4880 ludaei
230 4799 508 4892 pertinacissime
548 4803 807 4873 contendebant
849 4830 921 4874 non
956 4830 1055 4898 posse
1104 4819 1139 4876 et
1161 4805 1291 4874 refutet
1316 4827 1452 4874 errores
1478 4804 1654 4892 Iudaicos,
1694 4812 1802 4883 tradit
1826 4816 2022 4890 doctrinam
2049 4828 2093 4896 de

63 4904 203 4979 aboleri
224 4904 356 4991 legem,
380 4902 488 4973 tantis
509 4903 689 4973 miraculis
710 4929 728 4974 a
745 4903 821 4976 Deo
839 4909 1003 4978 traditam
1023 4924 1057 4981 et
1104 4919 1266 5000 peccato,
1291 4909 1335 4975 de
1350 4907 1437 4996 lege,
1462 4909 1505 4976 de
1519 4908 1656 4978 iusticia
1672 4910 1764 4998 fidei,
1790 4916 1903 4986 aliena
1921 4945 1939 4989 a
1955 4926 2095 5017 sapien·
2160 4974 2162 4981 -

65 5010 369 5093 defensam„nec
396 5018 554 5094 poterant
578 5005 793 5095 intelligere,
826 5009 898 5079 ulla
922 5034 959 5079 re
987 5013 1054 5080 alia
1106 5011 1154 5081 tia
1172 5003 1349 5094 humana;
1381 5022 1486 5099 negat
1499 5023 1698 5098 peccatum,
1725 5015 1813 5085 iram
1831 5016 1919 5106 Dei,
1944 5042 2094 5100 mortem

66 5114 180 5182 iustos
195 5130 268 5176 esse
282 5100 457 5189 homines,
475 5106 544 5174 nisi
558 5103 624 5176 bac
641 5105 1056 5199 pulcherrimaobedien-
1105 5111 1182 5182 tolli
1208 5106 1364 5180 humana
1389 5111 1587 5201 disciplina.
1639 5113 1749 5205 Negat
1766 5113 1926 5193 homines
1942 5126 2008 5218 legi
2025 5130 2095 5203 Dei

67 5214 138 5295 tia,
163 5233 272 5303 quam
288 5206 343 5276 lex
360 5209 537 5299 proponit.
588 5200 743 5303 Ideoque
760 5215 971 5303 promissum
986 5217 1055 5284 sal·
1106 5213 1319 5295 satisfacere,
1347 5239 1426 5282 cum
1450 5215 1608 5304 oppressi
1632 5233 1772 5307 peccato
1796 5216 1961 5297 haerente
1976 5232 2013 5299 in
2030 5259 2094 5303 na.

68 5330 228 5383 satorem
252 5310 439 5401 praecipue
463 5312 726 5384 arbitrabantur
744 5310 811 5385 hoc
828 5318 935 5387 modo
952 5341 1057 5388 revo-
1106 5330 1182 5388 tura
1205 5327 1391 5405 perpetuas
1414 5317 1574 5387 tenebras
1595 5331 1628 5388 et
1653 5325 1910 5396 contumaciam
1927 5332 2095 5408 adversus

1510 5411 1574 5486 71
