4546 5760
56 180 135 281 'tet
716 194 727 209 ‘
797 310 802 317 Ι
865 178 1314 289 supensus-trdus,
2035 212 2109 291 sss
2182 134 2185 139 Ι

61 372 399 475 quodmssqnoqns
408 364 560 461 lecistis,
584 392 675 443 mro
688 368 825 469 scripsi.
873 368 967 445 liam
980 370 1065 447 unis
1114 367 1227 443 metui
1241 392 1262 441 s
1275 366 1313 439 vi
1325 364 1548 467 priucipom.'
1589 368 1751 461 Montes,
1774 376 1807 447 si
1821 378 1962 475 sapitis,
1983 387 2108 463 sinetis

58 482 250 553 pumm-
267 474 396 549 dicenti
425 474 646 571 respondere
676 474 801 551 literis.
878 472 1064 571 improbas
1112 466 1299 545 Christum
1330 472 1506 559 iudicare,
1544 484 1582 543 et
1608 479 1706 569 quod
1726 478 1854 553 iratres
1873 489 1982 559 vestri
2008 490 2048 561 in
2069 516 2107 567 se

58 582 160 679 quod
181 578 422 651 circumierim
441 592 478 651 et
497 576 673 651 visitsrim
694 572 872 649 Ecclesias
893 592 928 651 et
953 580 1063 651 dedc-
1113 568 1212 645 haud
1236 574 1371 645 malum
1395 589 1590 671 quaerunt,
1624 602 1688 649 vos
1709 582 1899 657 adscribitc
1921 590 1986 661 lini
2002 596 2106 673 melo.

58 684 132 757 rim
155 706 200 755 eo
227 682 401 753 &sunum
423 704 523 753 mese
546 693 582 752 et
604 678 759 752 Gallicis
776 674 956 755 Ecclesiis.
1007 678 1063 755 De
1112 672 1317 749 Concordes
1350 677 1405 748 vis
1437 691 1473 751 et
1501 692 1704 753 constantes
1726 684 1766 753 in
1790 682 1944 781 simplici
1964 708 2000 767 et
2013 718 2106 769 vers

59 782 131 859 [ως
145 783 329 871 iudicent,
358 781 422 879 qui
441 804 585 855 cansam
603 795 758 870 norunt,
791 807 919 879 quam,
945 796 988 855 ut
1006 782 1063 853 vi·
1112 780 1251 853 unitate
1269 778 1470 867 ministros,
1498 782 1634 877 quique
1656 783 1791 859 instent
1815 792 1999 881 precibus:
2040 794 2107 871 hos

59 890 150 973 geo,
184 884 400 977 mmm,
432 886 483 955 mi
506 882 593 957 Leo.
641 882 863 981 Augustani
875 885 915 956 in
931 908 1060 976 magno
1113 894 1148 953 et
1169 904 1236 953 nos
1258 880 1436 957 volumus.
1486 880 1560 955 sed
1581 880 1620 955 bi
1638 888 1797 977 prolecto
1820 894 1867 965 de
1886 918 1924 965 se
1952 898 2104 971 invicem

59 988 273 1063 discrimine
292 987 475 1061 constituti
498 989 548 1057 ob
577 987 745 1075 dissidiss
766 987 1059 1059 concionatorum
1111 984 1324 1055 iudicabunt
1339 978 1583 1071 erchsritate,
1606 990 1806 1063 audientes
1821 994 1995 1085 invicem,
2017 1026 2105 1075 con·

60 1104 97 1165 et
112 1088 251 1163 civium
264 1112 325 1161 me
338 1102 508 1160 vocarant
520 1084 750 1161 sanctissimis
764 1090 1061 1161 obtestationibus
1112 1108 1269 1177 gressum
1284 1100 1450 1159 mutuum
1462 1110 1544 1159 cum
1557 1086 1602 1159 D.
1616 1088 1729 1163 Paulo
1742 1118 1807 1183 per
1818 1108 1928 1171 terras
1941 1116 1976 1173 et
1992 1106 2105 1179 maris

59 1192 159 1279 iltis,
190 1190 368 1289 miserunt
389 1213 447 1262 me
470 1192 694 1283 magistsstus
708 1190 799 1278 mei,
832 1186 973 1365 quoq
993 1192 1060 1261 ad·
1112 1202 1286 1281 expetent·
1348 1186 1534 1281 Siquidem
1554 1185 1595 1261 bi
1627 1216 1701 1264 non
1736 1212 1907 1289 quaerent
1928 1228 2021 1297 quae
2040 1230 2104 1280 sua

61 1294 190 1367 venire
202 1315 280 1364 non
292 1292 499 1385 potuissem.
551 1293 690 1366 lntcrea
703 1292 843 1365 vocavit
858 1317 916 1365 me
963 1286 1061 1363 and-
1111 1304 1214 1376 sunt,
1243 1290 1303 1360 sed
1320 1314 1411 1383 quae
1426 1284 1580 1377 Christi,
1614 1308 1650 1365 et
1664 1297 1787 1371 norint
1805 1294 1892 1373 hoec
1906 1298 2102 1380 mininam

60 1392 224 1493 molus
234 1394 281 1467 sd
295 1386 516 1492 Philippum
529 1390 727 1483 camelam,
750 1410 793 1467 ut
807 1396 916 1487 igitur
928 1396 1060 1467 certius
1111 1392 1308 1483 largissime
1321 1392 1407 1461 dare
1421 1394 1460 1462 in
1478 1394 1703 1467 nominesuo
1717 1402 1941 1480 coiissntibus.
1991 1406 2104 1501 lgitur

60 1498 215 1573 nominc
236 1496 389 1569 fratrum
413 1496 687 1591 Symmistsrum
710 1498 750 1568 in
772 1495 934 1571 Suevicis
957 1498 1060 1570 urbi·
1111 1495 1266 1565 coitione
1291 1493 1330 1563 in
1352 1496 1499 1565 nomine
1521 1490 1658 1567 Christi
1672 1496 1765 1571 nihil
1786 1497 1969 1580 habebunt
1982 1508 2020 1580 in
2038 1506 2104 1584 lsac

61 1584 396 1697 hurmpondercm
411 1600 642 1671 convenimus
650 1590 912 1685 Constantios,
936 1600 1059 1671 omnia
1111 1596 1184 1668 vita
1199 1596 1435 1689 expetibilius.
1484 1594 1527 1667 ld
1547 1622 1671 1669 verum
1692 1624 1860 1691 agnosces
1874 1608 1993 1700 legens
2010 1610 2104 1685 Pso-

62 1692 165 1775 ἰωὴ
188 1694 414 1792 mgimm
435 1700 518 1771 mei,
567 1698 744 1773 Existimo
762 1696 821 1773 hic
843 1726 986 1797 quoque
1003 1725 1060 1771 mc
1112 1698 1209 1783 lum,
1247 1712 1309 1767 asst
1342 1696 1498 1767 Paulum
1534 1701 1678 1791 negabis
1711 1700 1954 1780 Christianum
1986 1714 2103 1785 luisse.

63 1800 299 1877 nihssfecim
316 1815 456 1872 ,emm
507 1796 832 1895 Augpspmugem
855 1805 920 1875 ubi
939 1816 1060 1896 coepta
1113 1798 1311 1890 Quamdiu
1327 1799 1446 1869 vixero
1464 1802 1639 1872 cruciatus
1652 1801 1742 1875 mihi
1756 1810 1843 1894 erit,
1873 1836 1948 1881 non
1961 1814 2102 1887 licuisse

62 1918 209 1979 mmm
230 1902 351 1976 omnia
366 1916 497 1989 essent,
529 1906 693 1976 nondum
708 1906 904 2001 lirmataet
917 1906 1061 1977 concio·
1111 1902 1295 1973 vobiscum
1321 1902 1366 1969 de
1387 1900 1485 1971 omni
1507 1926 1610 1973 causa
1629 1900 1764 1979 Christi
1785 1911 1897 1982 amice
1912 1916 2101 2007 disserere;

61 2022 235 2079 natorum
254 2004 402 2077 dissidia
425 2006 548 2097 magis
567 2007 768 2099 proferrent
787 2030 844 2096 se,
871 2032 916 2078 ne
941 2021 1060 2100 poste-
1111 2027 1176 2075 vae
1191 2003 1296 2074 nobis
1309 2002 1340 2075 si
1355 1998 1550 2075 deChr'isto
1564 2030 1638 2081 uon
1653 2032 1840 2099 possumus
1855 2016 2012 2113 colloqui
2026 2022 2103 2092 sine

61 2111 162 2181 „1012
184 2101 358 2179 haberent
380 2108 503 2201 peiora
531 2108 732 2201 prioribus,
770 2124 957 2181 revocatus
980 2132 1060 2180 sum
1111 2103 1419 2180 contentionibus!
1470 2101 1548 2197 Ego
1570 2132 1755 2203 uunquam
1777 2115 1876 2185 volui
1897 2142 1960 2188 voe
1981 2144 2003 2189 a
2018 2146 2102 2193 vero

62 2214 109 2285 sb
127 2210 466 2301 Augustensibuset
485 2211 614 2282 missus
633 2236 653 2281 a
670 2212 769 2283 meis.
822 2209 873 2283 Et
893 2212 1060 2281 dominns
1112 2208 1306 2292 abducere,
1339 2219 1373 2276 et
1400 2207 1505 2277 facile
1530 2212 1777 2289 custodivisset
1799 2240 1862 2287 vos
1883 2216 2102 2295 Domiuusa

61 2314 185 2397 dedit,
223 2325 265 2383 ut
297 2312 413 2383 maior
445 2312 484 2382 in
516 2312 700 2403 religionis
731 2335 836 2383 causa
868 2312 1059 2383 concordia
1111 2308 1199 2377 meis
1211 2306 1376 2398 argutiis,
1409 2306 1439 2375 si
1455 2308 1659 2386 voluissem.
1711 2314 1810 2403 Quid
1831 2339 1927 2392 nunc
1951 2325 2103 2395 faciam?

63 2416 250 2505 Augustae
272 2438 348 2483 non
366 2414 492 2494 luerit,
525 2438 633 2507 quarn
647 2414 711 2485 diu
729 2414 969 2506 praedicatum
987 2414 1060 2483 illis
1112 2434 1193 2481 amo
1217 2430 1281 2478 vos
1307 2424 1342 2479 et
1366 2408 1463 2493 colo,
1494 2422 1531 2482 et
1552 2436 1626 2481 non
1648 2415 1853 2505 vulgariter.
1911 2420 1992 2495 Hoc
2018 2450 2101 2517 crgo

64 2532 116 2589 0⁸1
130 2512 389 2607 Evpngelium,
419 2530 525 2609 atque
548 2516 715 2585 dominus
730 2517 847 2599 dedit,
877 2519 965 2587 dum
984 2515 1060 2585 illic
1110 2511 1221 2601 magis
1238 2510 1334 2581 dolet
1349 2534 1431 2581 cum
1444 2512 1531 2583 adeo
1549 2514 1727 2587 minutula
1747 2518 1821 2592 siut
1844 2520 1976 2613 quibus
1989 2530 2103 2597 maxi-

63 2620 140 2703 ἰαί,-
175 2630 214 2691 et
236 2618 306 2688 nisi
338 2618 435 2689 ultro
464 2616 640 2709 dissipant
672 2640 750 2689 eam
783 2619 1061 2705 concionatores,
1111 2638 1169 2683 ma
1194 2628 1337 2704 possent
1356 2614 1470 2683 averti
1496 2615 1734 2707 offendicula,
1764 2644 1839 2691 non
1859 2624 1967 2698 licere
1984 2630 2028 2698 de
2046 2626 2101 2701 his

63 2720 201 2813 optima
230 2722 273 2789 de
299 2713 367 2789 hac
386 2716 546 2791 Ecclesia
575 2744 694 2809 spero.
752 2715 947 2791 Abiturum
975 2716 1060 2791 hine
1110 2715 1296 2787 vobiscum
1316 2715 1589 2787 communicare.
1648 2717 1786 2795 luteres
1802 2724 1990 2799 scribendo
2009 2726 2101 2803 nilsil

63 2822 206 2893 vocavis
228 2821 409 2914 piissimus
430 2822 488 2891 vir
510 2814 707 2920 Bufflcrus
731 2818 885 2893 lsnensis
915 2836 1061 2915 propter
1111 2841 1219 2913 quam
1243 2830 1383 2909 tempus
1404 2818 1606 2907 perdimus,
1639 2833 1674 2892 et
1688 2825 1826 2895 animos
1840 2828 1952 2919 magis
1968 2832 2102 2917 aliena-

63 2918 255 3019 Fags'um,
293 2924 357 3017 qui
388 2922 488 2993 illinc
515 2923 638 2995 invitis
668 2924 797 2996 sanctis
823 2924 925 2994 abiit.
979 2922 1060 2995 Huc
1111 2942 1204 2991 mut·
1239 2917 2101 3019 Quamfacile²¹¹3ffif3lll¹¹¹¹i¹¹¹⁸⁶illl¹²inanum

64 3050 148 3115 ergo
181 3026 263 3097 veni
285 3026 370 3096 inde
391 3016 675 3107 Constantiam,
712 3040 752 3096 ut
786 3027 957 3097 fratribus
988 3027 1060 3096 illis
1110 3046 1252 3091 sensum
1269 3021 1623 3115 quamscriptasunt,
1640 3029 2101 3128 qssamsacilequisquepro

63 3128 302 3199 satisfacerem
323 3127 369 3198 de
391 3127 533 3219 scriptis
558 3129 596 3197 in
620 3127 789 3199 Galliam.
846 3124 997 3199 Discessi
1014 3129 1060 3198 ab
1111 3147 1148 3195 se
1170 3124 1302 3217 scripto
1326 3122 1470 3216 quidvis
1491 3124 1615 3195 obiicit
1636 3138 1671 3197 et
1690 3126 1839 3198 firmum
1856 3138 1976 3223 putat,
2013 3122 2101 3207 dum

64 3226 142 3314 his,
175 3243 216 3300 us
248 3230 317 3321 ipsi
339 3230 456 3301 testati
483 3243 568 3301 sunt
596 3229 818 3300 amicissimis
840 3225 943 3299 mihi.
998 3227 1060 3301 En
1110 3250 1216 3296 nesno
1240 3250 1358 3296 coram
1384 3235 1435 3294 est
1459 3225 1523 3319 q'ui
1546 3228 1724 3299 obiectum
1747 3232 1965 3311 dissolveret.
2023 3222 2101 3329 Egel

64 3328 178 3403 hebes
208 3353 331 3417 causas
344 3344 347 3349 '
361 3330 582 3403 circuitionis
613 3354 714 3401 meae
743 3355 806 3424 per
828 3354 966 3403 menses
988 3356 1060 3408 sex.
1111 3328 1182 3399 iam
1198 3328 1317 3399 verbl⁸
1332 3327 1469 3417 Pf⁰¹l¹⁰
1483 3328 1586 3397 ΝΜ*
1600 3330 1746 3421 “rimis
1765 3336 1827 3403 “d
1842 3328 1872 3405 ’ἶ
1887 3358 1943 3407 ¹¹²⁸
1958 3354 2102 3432 ⁸Pffl⁸⁸s

62 3432 179 3514 Domi
194 3432 497 3526 inteoeaoptimus
512 3422 650 3529 Capito
664 3446 700 3505 et
714 3433 777 3503 alii
793 3433 841 3503 ita
855 3433 1060 3522 vigilarunt,
1111 3453 1219 3523 quam
1250 3424 1344 3498 nihil
1373 3428 1441 3498 erit
1470 3430 1580 3499 satis?
1617 3456 1725 3523 quam
1752 3435 1888 3529 ubique
1909 3440 1978 3511 crit
2000 3443 2102 3513 vobis

63 3550 104 3610 ut
119 3547 285 3626 mptum
300 3536 347 3607 ,ἢ
361 3559 382 3606 3
401 3536 606 3625 mimam
621 3534 678 3625 ἢεί
703 3560 767 3629 pro
781 3530 960 3605 Ecclesia
976 3558 1059 3605 vem
1110 3530 1207 3625 qnod
1223 3528 1414 3621 regeretis?
1445 3552 1553 3623 qnam
1568 3530 1788 3606 videbuntur
1801 3538 1914 3610 diluta
1930 3542 2103 3614 evanida?

64 3636 320 3719 munuum
340 3650 374 3709 e,
393 3653 522 3713 'comm
551 3639 718 3709 sectatio,
739 3660 846 3709 omne
871 3660 982 3727 genu,
1003 3636 1060 3729 agi
1109 3630 1282 3707 Rationes
1301 3646 1435 3701 vestras
1453 3628 1488 3698 si·
1507 3634 1718 3720 rescribitis,
1750 3630 1881 3709 videbo
1902 3643 2014 3713 multa
2039 3670 2102 3714 sos

64 3739 184 3832 ,oepit
196 3739 338 3829 gravius
353 3752 388 3809 et
402 3742 558 3811 severius
574 3763 680 3832 qssam
698 3755 799 3811 antea
814 3764 990 3832 unquam,
1023 3751 1059 3811 et
1111 3758 1186 3806 non
1207 3733 1440 3815 intellexisse,
1464 3734 1577 3805 multa
1601 3738 1826 3830 depravasse,
1859 3744 2030 3815 obiecisse
2046 3738 2102 3817 site

63 3842 182 3911 maius
203 3842 308 3911 etiam
330 3840 428 3913 Deus
450 3844 550 3914 dedit
578 3844 836 3913 incrementum
860 3866 966 3935 quam
990 3866 1061 3911 uss·
1111 3858 1202 3932 quae
1223 3837 1359 3907 nulllm
1379 3836 1551 3905 ¹¹¹0'mfflii
1572 3852 1665 3908 ΝΜ·
1717 3836 1885 3913 Aliam
1902 3848 2103 3917 wideri?

66 3962 175 4037 qnam
202 3954 316 4019 antea.
373 3939 423 4015 Et
451 3970 533 4016 curn
558 3968 578 4013 a
601 3958 695 4015 sorte
723 3942 1060 4015 Monosteriensium
1111 3964 1175 4009 vos
1199 3939 1375 4029 negligere
1397 3950 1432 4009 et
1454 3960 1641 4027 agnoscere
1670 3936 1935 4035 (quodfalsum
1954 3948 2102 4045 putatis)

64 4048 237 4117 amemus
251 4044 475 4136 longissime,
499 4071 520 4117 a
535 4046 636 4117 vobis
651 4048 815 4117 videmur
835 4045 935 4138 quasi
950 4047 1061 4115 simus
1112 4064 1169 4110 me
1184 4038 1233 4111 ita
1246 4040 1348 4111 vobis
1364 4039 1544 4129 indignari
1553 4093 1565 4124 ,
1590 4042 1764 4135 rescripsi.
1805 4040 1846 4115 ld
1862 4048 1999 4119 setinum
2010 4052 2102 4121 bene

66 4146 102 4217 ei
114 4146 285 4239 proximi.
336 4144 885 4227 Nonerat'credcndumcuivis,
910 4147 959 4215 mi
977 4146 1061 4232 Leo,
1112 4142 1233 4213 cadat!
1276 4141 1405 4211 Libere
1428 4141 1636 4231 scripsistis,-
1667 4143 1781 4215 libere
1801 4150 1980 4242 rescripsi3
2016 4154 2104 4221 boni

66 4264 101 4321 et
122 4248 154 4319 si
174 4248 213 4318 iss
236 4262 335 4321 tanto
357 4273 495 4321 eramus
517 4250 695 4341 periculo,
731 4250 868 4341 pridem
891 4270 957 4317 nos
982 4274 1061 4318 mo-
1113 4244 1275 4316 consului
1293 4258 1445 4314 vestram
1462 4243 1681 4329 libertatem,
1712 4248 1772 4317 sed
1795 4264 1836 4319 ut
1851 4254 2100 4341 responderem

66 4352 349 4442 nitosoportuit.
409 4348 523 4421 Valde
539 4352 710 4423 miramur
732 4350 976 4422 Helvetiarum
991 4348 1061 4421 Ec·
1112 4361 1232 4418 tamen
1249 4347 1347 4417 sicet
1363 4368 1552 4414 vosmeam
1570 4346 1655 4415 boni
1672 4350 1873 4424 consulite·
1916 4352 2101 4425 Faciamus

66 4454 257 4523 ,gestarum
284 4452 323 4523 5„
352 4446 418 4523 hac
449 4478 488 4523 η
510 4454 774 4536 credulitatem,
806 4478 930 4523 nausa
959 4454 1061 4521 vobis
1113 4450 1223 4542 paria.
1286 4444 1383 4537 Ego,
1422 4446 1492 4515 nisi
1527 4472 1671 4538 prorsus
1703 4450 1794 4521 desit
1823 4454 1925 4523 vobis
1955 4456 2104 4527 incultas

66 4552 284 4625 Berngfibus
306 4570 339 4627 02
357 4552 533 4627 Basileam
549 4557 770 4641 scribuntur,
805 4580 895 4649 quae
919 4580 1062 4647 persua·
1114 4548 1303 4623 christiane
1321 4550 1546 4641 colloquendi
1565 4552 1609 4620 de
1625 4547 1785 4631 Christo,
1818 4578 1891 4623 rson
1910 4558 2102 4629 dubitarim

66 4659 206 4729 sionem
225 4652 442 4729 horrendam
457 4662 502 4729 de
520 4660 626 4729 nobis
642 4682 723 4749 prae
736 4683 773 4731 se
786 4659 918 4728 serunt.
967 4656 1060 4728 Gra·
1115 4678 1198 4735 nos,
1224 4652 1253 4721 si
1267 4654 1358 4721 serio
1374 4652 1412 4720 iss
1430 4650 1586 4721 Domino
1602 4654 1841 4724 conferremus
1855 4670 1889 4727 et
1904 4660 1996 4729 insto
2015 4664 2105 4730 tem*

67 4762 326 4853 ,umesgquod
346 4762 515 4846 monetis,
545 4763 608 4831 scd
623 4761 737 4845 dolet,
769 4760 1062 4853 quodnonami-
1114 4781 1200 4849 pore
1233 4768 1268 4825 ct
1301 4754 1423 4847 pauci,
1465 4766 1498 4822 et
1530 4755 1613 4823 solis
1639 4754 1683 4821 iis
1704 4756 1869 4827 admissis
1895 4762 1956 4855 qui
1983 4760 2102 4833 Deum

67 4862 146 4931 ctus
162 4864 208 4931 de
222 4864 327 4933 nobi,
341 4862 499 4946 sensitis,
532 4886 639 4956 quam
662 4864 758 4957 quod
780 4861 963 4945 dubitetis,
996 4884 1061 4930 nos
1115 4860 1242 4931 timent
1262 4856 1374 4941 serio,
1405 4856 1602 4949 plurimum
1626 4857 1855 4947 profecturos.
1880 4864 1885 4873 '
1915 4854 2105 4953 lin'perito-

67 4964 210 5054 pridem
233 4988 296 5033 vos
322 4964 545 5035 consulturos
569 4966 695 5055 luisse,
738 4964 795 5034 vel
819 4964 934 5055 ipsum
958 4987 1060 5055 opem
1114 4985 1194 5031 rum
1212 4960 1380 5029 clamores
1396 4960 1605 5041 metuimus,
1632 4960 1691 5027 sed
1706 4984 1812 5051 quam
1828 4964 1958 5054 perite!
1994 4964 2105 5034 Dein-

68 5070 207 5136 avulsis
224 5066 494 5158 imploraturos,
526 5068 556 5136 si
570 5067 706 5137 decima
729 5092 770 5137 ex
787 5082 885 5159 parte
908 5068 945 5134 in
963 5079 1060 5137 tanto
1115 5068 1159 5134 de
1175 5064 1204 5131 si
1220 5078 1392 5133 secretum
1409 5058 1895 5150 D0mln11⁰⁰ef⁰V⁰¹¹⁰¹¹¹¹¹⁸s
1921 5066 2001 5160 q⁰l⁸
2016 5068 2104 5137 adm

68 5183 191 5240 ssostra
215 5164 372 5239 Ecclesia
396 5168 600 5239 discrimine
621 5168 755 5245 suisset.
815 5157 869 5239 lta
884 5168 981 5238 dolet
995 5164 1062 5238 lsoc
1116 5164 1301 5235 clamaret!
1360 5158 1409 5234 Et
1445 5175 1531 5252 q¹¹⁰¹
1565 5176 1647 5231 ’ΠΜ
1681 5157 1949 5235 h⁰ne⁸¹l⁸⁵lm³⁰
1983 5192 2107 5237 ΨΜ

68 5295 232 5365 mque,
267 5270 436 5365 quicquid
462 5295 527 5342 nos
544 5296 610 5363 pro
634 5268 871 5342 Eedesiarnm
889 5283 1007 5340 sancta
1029 5284 1063 5339 et
1116 5264 1401 5337 conveniessdiet
1414 5264 1616 5333 discedendi
1631 5288 1764 5351 rursus,
1786 5290 1872 5359 quas
1889 5292 1992 5339 nemo
2002 5286 2107 5363 queat

71 5370 265 5441 christiana
289 5373 478 5444 concordia
503 5374 690 5455 molimur,
729 5370 797 5443 lt⁰⁰
817 5397 880 5443 νοῦ
905 5373 1062 5444 ῖῑῑῧῦἷῑῖδ
1117 5368 1342 5462 ifflllmbif‘?
1393 5357 1701 5463 0⁶⁶⁰l⁰ml²⁰di⁰²
1738 5381 1779 5439 ¹¹²
1806 5369 1873 5437 ³⁰5⁸
1895 5368 1988 5457 [¹⁰⁰²
2028 5396 2107 5441 “¹¹¹¹

123 5496 305 5562 Murmura.
325 5496 427 5561 Ossa.
456 5496 537 5561 Vos..
555 5496 601 5565 X.
1419 5486 1466 5555 10
