<?xml version="1.0" encoding="UTF-8"?>
<!DOCTYPE html PUBLIC "-//W3C//DTD XHTML 1.0 Transitional//EN"
    "http://www.w3.org/TR/xhtml1/DTD/xhtml1-transitional.dtd">
<html xmlns="http://www.w3.org/1999/xhtml" xml:lang="en" lang="en">
 <head>
  <title>
</title>
<meta http-equiv="Content-Type" content="text/html;charset=utf-8" />
  <meta name='ocr-system' content='tesseract 3.04.00' />
  <meta name='ocr-capabilities' content='ocr_page ocr_carea ocr_par ocr_line ocrx_word'/>
</head>
<body>
  <div class='ocr_page' id='page_1' title='image "./corpusreformato02melagoog/corpusreformato02melagoog_0334.png"; bbox 0 0 4546 5760; ppageno 0'>
   <div class='ocr_carea' id='block_1_1' title="bbox 94 1238 1949 1593">
    <p class='ocr_par' dir='ltr' id='par_1_1' title="bbox 94 1238 1949 1593">
     <span class='ocr_line' id='line_1_1' title="bbox 249 1238 1599 1425; baseline -0.005 -31"><span class='ocrx_word' id='word_1_1' title='bbox 249 1359 251 1362; x_wconf 20' lang='grc' dir='ltr'>ι</span> <span class='ocrx_word' id='word_1_2' title='bbox 438 1298 816 1425; x_wconf 76' lang='lat' dir='ltr'>strumum</span> <span class='ocrx_word' id='word_1_3' title='bbox 853 1300 1031 1389; x_wconf 85' lang='lat' dir='ltr'>rum.</span> <span class='ocrx_word' id='word_1_4' title='bbox 1067 1238 1242 1388; x_wconf 55' lang='lat' dir='ltr'>uuu&#39;</span> <span class='ocrx_word' id='word_1_5' title='bbox 1267 1299 1483 1388; x_wconf 73' lang='lat' dir='ltr'>umus</span> <span class='ocrx_word' id='word_1_6' title='bbox 1513 1299 1599 1387; x_wconf 80' lang='grc' dir='ltr'>ιν.</span> 
     </span>
     <span class='ocr_line' id='line_1_2' title="bbox 94 1430 1949 1593; baseline -0.009 -11"><span class='ocrx_word' id='word_1_7' title='bbox 94 1512 147 1582; x_wconf 65' lang='grc' dir='ltr'><strong><em>Μ</em></strong></span> <span class='ocrx_word' id='word_1_8' title='bbox 175 1430 520 1580; x_wconf 69' lang='lat' dir='ltr'>COMPOECTENS</span> <span class='ocrx_word' id='word_1_9' title='bbox 549 1508 743 1593; x_wconf 77' lang='lat' dir='ltr'><strong>QUORUM</strong></span> <span class='ocrx_word' id='word_1_10' title='bbox 769 1511 929 1580; x_wconf 83' lang='lat' dir='ltr'><strong>ANNUS</strong></span> <span class='ocrx_word' id='word_1_11' title='bbox 958 1511 1164 1579; x_wconf 69' lang='lat' dir='ltr'>Nurlst</span> <span class='ocrx_word' id='word_1_12' title='bbox 1186 1513 1217 1576; x_wconf 80' lang='lat' dir='ltr'>A</span> <span class='ocrx_word' id='word_1_13' title='bbox 1243 1511 1382 1579; x_wconf 83' lang='lat' dir='ltr'>NOBIS</span> <span class='ocrx_word' id='word_1_14' title='bbox 1410 1510 1617 1580; x_wconf 71' lang='lat' dir='ltr'>ltsst&#39;tNIBt</span> <span class='ocrx_word' id='word_1_15' title='bbox 1644 1506 1747 1577; x_wconf 82' lang='lat' dir='ltr'>NON</span> <span class='ocrx_word' id='word_1_16' title='bbox 1771 1502 1949 1583; x_wconf 73' lang='lat' dir='ltr'>Po’tm&#39;t&#39;.</span> 
     </span>
    </p>
   </div>
   <div class='ocr_carea' id='block_1_2' title="bbox 895 1741 1151 1752">
    <p class='ocr_par' dir='ltr' id='par_1_2' title="bbox 895 1741 1151 1752">
     <span class='ocr_line' id='line_1_3' title="bbox 895 1741 1151 1752; baseline -0.008 0"><span class='ocrx_word' id='word_1_17' title='bbox 895 1741 1151 1752; x_wconf 67' lang='lat'>——-—--.--</span> 
     </span>
    </p>
   </div>
   <div class='ocr_carea' id='block_1_3' title="bbox 94 1938 1217 2076">
    <p class='ocr_par' dir='ltr' id='par_1_3' title="bbox 94 1938 1217 2076">
     <span class='ocr_line' id='line_1_4' title="bbox 94 1938 1217 2076; baseline 0.003 -53"><span class='ocrx_word' id='word_1_18' title='bbox 94 1938 170 2076; x_wconf 50' lang='lat' dir='ltr'><em>Q</em></span> <span class='ocrx_word' id='word_1_19' title='bbox 568 2001 572 2008; x_wconf 76' lang='lat'><em>,</em></span> <span class='ocrx_word' id='word_1_20' title='bbox 840 1993 892 2009; x_wconf 90' lang='lat'>-</span> <span class='ocrx_word' id='word_1_21' title='bbox 917 1992 969 2008; x_wconf 88' lang='lat'>--</span> <span class='ocrx_word' id='word_1_22' title='bbox 1043 1952 1111 2026; x_wconf 90' lang='lat' dir='ltr'>No.</span> <span class='ocrx_word' id='word_1_23' title='bbox 1129 1953 1217 2027; x_wconf 82' lang='lat'><strong>337.</strong></span> 
     </span>
    </p>
   </div>
   <div class='ocr_carea' id='block_1_4' title="bbox 815 2051 1224 2083">
    <p class='ocr_par' dir='ltr' id='par_1_4' title="bbox 815 2051 1224 2083">
     <span class='ocr_line' id='line_1_5' title="bbox 815 2051 1224 2083; baseline -0.017 1"><span class='ocrx_word' id='word_1_24' title='bbox 815 2051 1224 2083; x_wconf 52' lang='lat' dir='ltr'>*0er</span> 
     </span>
    </p>
   </div>
   <div class='ocr_carea' id='block_1_5' title="bbox 101 2138 1520 2229">
    <p class='ocr_par' dir='ltr' id='par_1_5' title="bbox 101 2138 1520 2229">
     <span class='ocr_line' id='line_1_6' title="bbox 101 2138 1520 2229; baseline -0.003 -18"><span class='ocrx_word' id='word_1_25' title='bbox 101 2153 185 2229; x_wconf 74' lang='lat' dir='ltr'>Apud</span> <span class='ocrx_word' id='word_1_26' title='bbox 202 2151 329 2210; x_wconf 77' lang='lat' dir='ltr'>vincent.</span> <span class='ocrx_word' id='word_1_27' title='bbox 348 2172 375 2222; x_wconf 77' lang='grc' dir='ltr'>ρ.</span> <span class='ocrx_word' id='word_1_28' title='bbox 391 2152 432 2209; x_wconf 88' lang='grc'>10.</span> <span class='ocrx_word' id='word_1_29' title='bbox 530 2138 532 2143; x_wconf 55' lang='grc'><strong>’</strong></span> <span class='ocrx_word' id='word_1_30' title='bbox 1147 2151 1227 2223; x_wconf 82' lang='lat' dir='ltr'>Apud</span> <span class='ocrx_word' id='word_1_31' title='bbox 1243 2152 1370 2208; x_wconf 78' lang='lat' dir='ltr'>vincens</span> <span class='ocrx_word' id='word_1_32' title='bbox 1390 2173 1418 2226; x_wconf 87' lang='lat' dir='ltr'>p.</span> <span class='ocrx_word' id='word_1_33' title='bbox 1433 2154 1464 2208; x_wconf 89' lang='lat' dir='ltr'>tt</span> <span class='ocrx_word' id='word_1_34' title='bbox 1478 2171 1520 2226; x_wconf 82' lang='lat' dir='ltr'>sq.</span> 
     </span>
    </p>
   </div>
   <div class='ocr_carea' id='block_1_6' title="bbox 184 2304 1655 2422">
    <p class='ocr_par' dir='ltr' id='par_1_6' title="bbox 184 2304 1655 2422">
     <span class='ocr_line' id='line_1_7' title="bbox 184 2304 1655 2422; baseline -0.002 -35"><span class='ocrx_word' id='word_1_35' title='bbox 184 2317 341 2388; x_wconf 74' lang='lat' dir='ltr'>Carnos</span> <span class='ocrx_word' id='word_1_36' title='bbox 358 2319 661 2422; x_wconf 74' lang='lat' dir='ltr'>mretetseruet</span> <span class='ocrx_word' id='word_1_37' title='bbox 678 2304 803 2383; x_wconf 82' lang='lat' dir='ltr'>Deus.</span> <span class='ocrx_word' id='word_1_38' title='bbox 1425 2315 1473 2383; x_wconf 82' lang='lat' dir='ltr'>ln</span> <span class='ocrx_word' id='word_1_39' title='bbox 1487 2313 1655 2385; x_wconf 77' lang='lat' dir='ltr'>Genesin·</span> 
     </span>
    </p>
   </div>
   <div class='ocr_carea' id='block_1_7' title="bbox 94 2442 2032 4496">
    <p class='ocr_par' dir='ltr' id='par_1_7' title="bbox 94 2442 2032 3156">
     <span class='ocr_line' id='line_1_8' title="bbox 94 2442 1843 2539; baseline -0.005 -19"><span class='ocrx_word' id='word_1_40' title='bbox 94 2445 193 2520; x_wconf 87' lang='lat' dir='ltr'>Deus</span> <span class='ocrx_word' id='word_1_41' title='bbox 208 2447 364 2524; x_wconf 81' lang='lat' dir='ltr'>ostendit</span> <span class='ocrx_word' id='word_1_42' title='bbox 379 2471 414 2514; x_wconf 88' lang='lat' dir='ltr'>se</span> <span class='ocrx_word' id='word_1_43' title='bbox 429 2458 566 2517; x_wconf 89' lang='lat' dir='ltr'>tantum</span> <span class='ocrx_word' id='word_1_44' title='bbox 583 2461 623 2518; x_wconf 94' lang='lat' dir='ltr'>ut</span> <span class='ocrx_word' id='word_1_45' title='bbox 638 2471 785 2539; x_wconf 87' lang='lat' dir='ltr'>corpora</span> <span class='ocrx_word' id='word_1_46' title='bbox 803 2459 912 2530; x_wconf 88' lang='lat' dir='ltr'>curet,</span> <span class='ocrx_word' id='word_1_47' title='bbox 1042 2442 1129 2514; x_wconf 87' lang='lat' dir='ltr'>Non</span> <span class='ocrx_word' id='word_1_48' title='bbox 1140 2468 1245 2516; x_wconf 84' lang='lat' dir='ltr'>coeco</span> <span class='ocrx_word' id='word_1_49' title='bbox 1260 2469 1343 2516; x_wconf 90' lang='lat' dir='ltr'>casu</span> <span class='ocrx_word' id='word_1_50' title='bbox 1358 2462 1484 2520; x_wconf 85' lang='lat' dir='ltr'>natura</span> <span class='ocrx_word' id='word_1_51' title='bbox 1499 2442 1656 2522; x_wconf 86' lang='lat' dir='ltr'>humana</span> <span class='ocrx_word' id='word_1_52' title='bbox 1673 2445 1750 2516; x_wconf 90' lang='lat' dir='ltr'>sine</span> <span class='ocrx_word' id='word_1_53' title='bbox 1767 2442 1843 2514; x_wconf 91' lang='lat' dir='ltr'>ullo</span> 
     </span>
     <span class='ocr_line' id='line_1_9' title="bbox 95 2538 1827 2644; baseline -0.004 -24"><span class='ocrx_word' id='word_1_54' title='bbox 95 2538 123 2620; x_wconf 92' lang='lat' dir='ltr'>d</span> <span class='ocrx_word' id='word_1_55' title='bbox 136 2548 344 2626; x_wconf 81' lang='lat' dir='ltr'>curservari</span> <span class='ocrx_word' id='word_1_56' title='bbox 361 2571 431 2618; x_wconf 91' lang='lat' dir='ltr'>nos</span> <span class='ocrx_word' id='word_1_57' title='bbox 447 2548 551 2634; x_wconf 87' lang='lat' dir='ltr'>velit,</span> <span class='ocrx_word' id='word_1_58' title='bbox 573 2546 649 2640; x_wconf 89' lang='lat' dir='ltr'>ipse</span> <span class='ocrx_word' id='word_1_59' title='bbox 663 2563 795 2622; x_wconf 86' lang='lat' dir='ltr'>mouet.</span> <span class='ocrx_word' id='word_1_60' title='bbox 1092 2543 1254 2619; x_wconf 89' lang='lat' dir='ltr'>Consilio</span> <span class='ocrx_word' id='word_1_61' title='bbox 1263 2559 1275 2633; x_wconf 70' lang='lat'>‚&#39;</span> <span class='ocrx_word' id='word_1_62' title='bbox 1298 2572 1340 2618; x_wconf 87' lang='lat' dir='ltr'>ex</span> <span class='ocrx_word' id='word_1_63' title='bbox 1358 2551 1470 2622; x_wconf 90' lang='lat' dir='ltr'>veteri</span> <span class='ocrx_word' id='word_1_64' title='bbox 1486 2551 1620 2644; x_wconf 84' lang='lat' dir='ltr'>prodiit</span> <span class='ocrx_word' id='word_1_65' title='bbox 1635 2564 1712 2621; x_wconf 91' lang='lat' dir='ltr'>orta</span> <span class='ocrx_word' id='word_1_66' title='bbox 1728 2541 1827 2617; x_wconf 87' lang='lat' dir='ltr'>chao.</span> 
     </span>
     <span class='ocr_line' id='line_1_10' title="bbox 94 2647 1962 2745; baseline -0.003 -22"><span class='ocrx_word' id='word_1_67' title='bbox 94 2667 141 2723; x_wconf 79' lang='lat' dir='ltr'>:et</span> <span class='ocrx_word' id='word_1_68' title='bbox 156 2663 195 2722; x_wconf 93' lang='lat' dir='ltr'>ut</span> <span class='ocrx_word' id='word_1_69' title='bbox 211 2675 285 2721; x_wconf 90' lang='lat' dir='ltr'>sese</span> <span class='ocrx_word' id='word_1_70' title='bbox 301 2649 407 2723; x_wconf 91' lang='lat' dir='ltr'>nobis</span> <span class='ocrx_word' id='word_1_71' title='bbox 422 2651 662 2720; x_wconf 87' lang='lat' dir='ltr'>communicet</span> <span class='ocrx_word' id='word_1_72' title='bbox 675 2651 760 2742; x_wconf 88' lang='lat' dir='ltr'>ipse,</span> <span class='ocrx_word' id='word_1_73' title='bbox 1041 2647 1115 2718; x_wconf 86' lang='lat' dir='ltr'>Nec</span> <span class='ocrx_word' id='word_1_74' title='bbox 1128 2651 1257 2720; x_wconf 85' lang='lat' dir='ltr'>deinde</span> <span class='ocrx_word' id='word_1_75' title='bbox 1273 2665 1325 2722; x_wconf 93' lang='lat' dir='ltr'>est</span> <span class='ocrx_word' id='word_1_76' title='bbox 1337 2651 1497 2745; x_wconf 83' lang='lat' dir='ltr'>lapidum</span> <span class='ocrx_word' id='word_1_77' title='bbox 1513 2666 1645 2724; x_wconf 90' lang='lat' dir='ltr'>temere</span> <span class='ocrx_word' id='word_1_78' title='bbox 1661 2653 1705 2722; x_wconf 95' lang='lat' dir='ltr'>de</span> <span class='ocrx_word' id='word_1_79' title='bbox 1721 2649 1815 2719; x_wconf 93' lang='lat' dir='ltr'>mole</span> <span class='ocrx_word' id='word_1_80' title='bbox 1830 2660 1962 2731; x_wconf 81' lang='lat' dir='ltr'>renate,</span> 
     </span>
     <span class='ocr_line' id='line_1_11' title="bbox 94 2748 1842 2850; baseline 0.002 -28"><span class='ocrx_word' id='word_1_81' title='bbox 94 2777 197 2846; x_wconf 86' lang='lat' dir='ltr'>mper</span> <span class='ocrx_word' id='word_1_82' title='bbox 211 2768 245 2824; x_wconf 87' lang='lat' dir='ltr'>et</span> <span class='ocrx_word' id='word_1_83' title='bbox 259 2767 300 2824; x_wconf 94' lang='lat' dir='ltr'>ut</span> <span class='ocrx_word' id='word_1_84' title='bbox 311 2753 436 2821; x_wconf 88' lang='lat' dir='ltr'>vivant</span> <span class='ocrx_word' id='word_1_85' title='bbox 450 2764 590 2843; x_wconf 81' lang='lat' dir='ltr'>pectora</span> <span class='ocrx_word' id='word_1_86' title='bbox 606 2753 711 2842; x_wconf 90' lang='lat' dir='ltr'>plena</span> <span class='ocrx_word' id='word_1_87' title='bbox 726 2752 813 2824; x_wconf 87' lang='lat' dir='ltr'>Deo.</span> <span class='ocrx_word' id='word_1_88' title='bbox 877 2776 879 2780; x_wconf 87' lang='lat'>·</span> <span class='ocrx_word' id='word_1_89' title='bbox 1094 2748 1195 2839; x_wconf 85' lang='lat' dir='ltr'>Quos</span> <span class='ocrx_word' id='word_1_90' title='bbox 1210 2754 1291 2825; x_wconf 90' lang='lat' dir='ltr'>iecit</span> <span class='ocrx_word' id='word_1_91' title='bbox 1307 2756 1463 2827; x_wconf 83' lang='lat' dir='ltr'>monitus</span> <span class='ocrx_word' id='word_1_92' title='bbox 1478 2752 1614 2850; x_wconf 89' lang='lat' dir='ltr'>Pyrrha</span> <span class='ocrx_word' id='word_1_93' title='bbox 1629 2768 1745 2826; x_wconf 87' lang='lat' dir='ltr'>secuta</span> <span class='ocrx_word' id='word_1_94' title='bbox 1759 2748 1842 2819; x_wconf 75' lang='lat' dir='ltr'>virl-</span> 
     </span>
     <span class='ocr_line' id='line_1_12' title="bbox 94 2850 2032 2961; baseline -0.004 -34"><span class='ocrx_word' id='word_1_95' title='bbox 94 2869 235 2927; x_wconf 84' lang='lat' dir='ltr'>:autem</span> <span class='ocrx_word' id='word_1_96' title='bbox 250 2855 287 2924; x_wconf 92' lang='lat' dir='ltr'>in</span> <span class='ocrx_word' id='word_1_97' title='bbox 306 2855 411 2924; x_wconf 91' lang='lat' dir='ltr'>nobis</span> <span class='ocrx_word' id='word_1_98' title='bbox 424 2855 546 2943; x_wconf 78' lang='lat' dir='ltr'>fulget,</span> <span class='ocrx_word' id='word_1_99' title='bbox 568 2867 653 2924; x_wconf 89' lang='lat' dir='ltr'>tunc</span> <span class='ocrx_word' id='word_1_100' title='bbox 667 2868 810 2947; x_wconf 88' lang='lat' dir='ltr'>pectora</span> <span class='ocrx_word' id='word_1_101' title='bbox 826 2852 990 2943; x_wconf 81' lang='lat' dir='ltr'>complet,</span> <span class='ocrx_word' id='word_1_102' title='bbox 1041 2850 1214 2942; x_wconf 82' lang='lat' dir='ltr'>Magnum</span> <span class='ocrx_word' id='word_1_103' title='bbox 1248 2879 1338 2947; x_wconf 89' lang='lat' dir='ltr'>opus</span> <span class='ocrx_word' id='word_1_104' title='bbox 1370 2871 1439 2942; x_wconf 89' lang='lat' dir='ltr'>est,</span> <span class='ocrx_word' id='word_1_105' title='bbox 1471 2859 1516 2927; x_wconf 92' lang='lat' dir='ltr'>ad</span> <span class='ocrx_word' id='word_1_106' title='bbox 1548 2861 1645 2952; x_wconf 91' lang='lat' dir='ltr'>quod</span> <span class='ocrx_word' id='word_1_107' title='bbox 1672 2880 1739 2926; x_wconf 87' lang='lat' dir='ltr'>nos</span> <span class='ocrx_word' id='word_1_108' title='bbox 1765 2874 1864 2923; x_wconf 87' lang='lat' dir='ltr'>meus</span> <span class='ocrx_word' id='word_1_109' title='bbox 1890 2865 2032 2961; x_wconf 85' lang='lat' dir='ltr'>aeterna</span> 
     </span>
     <span class='ocr_line' id='line_1_13' title="bbox 94 2954 1695 3049; baseline -0.001 -20"><span class='ocrx_word' id='word_1_110' title='bbox 94 2975 154 3029; x_wconf 85' lang='lat' dir='ltr'>ens</span> <span class='ocrx_word' id='word_1_111' title='bbox 168 2958 225 3049; x_wconf 91' lang='lat' dir='ltr'>pia</span> <span class='ocrx_word' id='word_1_112' title='bbox 244 2982 325 3027; x_wconf 92' lang='lat' dir='ltr'>cum</span> <span class='ocrx_word' id='word_1_113' title='bbox 341 2956 446 3026; x_wconf 85' lang='lat' dir='ltr'><strong>discit</strong></span> <span class='ocrx_word' id='word_1_114' title='bbox 462 2980 611 3026; x_wconf 88' lang='lat' dir='ltr'>munera</span> <span class='ocrx_word' id='word_1_115' title='bbox 626 2981 729 3026; x_wconf 89' lang='lat' dir='ltr'>nosse</span> <span class='ocrx_word' id='word_1_116' title='bbox 743 2954 821 3026; x_wconf 89' lang='lat' dir='ltr'>Dei.</span> <span class='ocrx_word' id='word_1_117' title='bbox 1551 2960 1695 3044; x_wconf 74' lang='lat' dir='ltr'>creavit,</span> 
     </span>
     <span class='ocr_line' id='line_1_14' title="bbox 1092 3055 1775 3156; baseline 0.006 -26"><span class='ocrx_word' id='word_1_118' title='bbox 1092 3055 1142 3130; x_wconf 87' lang='lat' dir='ltr'>Ut</span> <span class='ocrx_word' id='word_1_119' title='bbox 1156 3073 1278 3131; x_wconf 85' lang='lat' dir='ltr'>nostro</span> <span class='ocrx_word' id='word_1_120' title='bbox 1293 3061 1413 3132; x_wconf 92' lang='lat' dir='ltr'>studio</span> <span class='ocrx_word' id='word_1_121' title='bbox 1430 3062 1551 3134; x_wconf 86' lang='lat' dir='ltr'>notior</span> <span class='ocrx_word' id='word_1_122' title='bbox 1563 3086 1636 3132; x_wconf 89' lang='lat' dir='ltr'>esse</span> <span class='ocrx_word' id='word_1_123' title='bbox 1651 3058 1775 3156; x_wconf 80' lang='lat' dir='ltr'>queat.-</span> 
     </span>
    </p>

    <p class='ocr_par' dir='ltr' id='par_1_8' title="bbox 94 3155 1959 3663">
     <span class='ocr_line' id='line_1_15' title="bbox 695 3155 1954 3257; baseline 0 -28"><span class='ocrx_word' id='word_1_124' title='bbox 695 3230 706 3251; x_wconf 56' lang='grc'><strong>,</strong></span> <span class='ocrx_word' id='word_1_125' title='bbox 1040 3155 1147 3230; x_wconf 86' lang='lat' dir='ltr'>Acin</span> <span class='ocrx_word' id='word_1_126' title='bbox 1163 3186 1229 3232; x_wconf 92' lang='lat' dir='ltr'>nos</span> <span class='ocrx_word' id='word_1_127' title='bbox 1244 3159 1404 3234; x_wconf 89' lang='lat' dir='ltr'>haustam</span> <span class='ocrx_word' id='word_1_128' title='bbox 1421 3165 1567 3257; x_wconf 87' lang='lat' dir='ltr'>proprio</span> <span class='ocrx_word' id='word_1_129' title='bbox 1584 3168 1628 3235; x_wconf 90' lang='lat' dir='ltr'>de</span> <span class='ocrx_word' id='word_1_130' title='bbox 1644 3177 1784 3256; x_wconf 79' lang='lat' dir='ltr'>pectore</span> <span class='ocrx_word' id='word_1_131' title='bbox 1799 3173 1954 3232; x_wconf 79' lang='lat' dir='ltr'><strong>mentem</strong></span> 
     </span>
     <span class='ocr_line' id='line_1_16' title="bbox 94 3251 1790 3362; baseline 0.006 -35"><span class='ocrx_word' id='word_1_132' title='bbox 94 3289 164 3362; x_wconf 42' lang='grc' dir='ltr'>Μ.</span> <span class='ocrx_word' id='word_1_133' title='bbox 753 3251 758 3259; x_wconf 50' lang='grc'><strong>”</strong></span> <span class='ocrx_word' id='word_1_134' title='bbox 834 3331 887 3353; x_wconf 63' lang='grc'>,,</span> <span class='ocrx_word' id='word_1_135' title='bbox 910 3329 964 3341; x_wconf 78' lang='grc'>-</span> <span class='ocrx_word' id='word_1_136' title='bbox 1091 3259 1220 3344; x_wconf 81' lang='lat' dir='ltr'>Fudit,</span> <span class='ocrx_word' id='word_1_137' title='bbox 1244 3279 1277 3334; x_wconf 88' lang='lat' dir='ltr'>et</span> <span class='ocrx_word' id='word_1_138' title='bbox 1294 3266 1444 3355; x_wconf 82' lang='lat' dir='ltr'>effigiem</span> <span class='ocrx_word' id='word_1_139' title='bbox 1460 3267 1562 3339; x_wconf 90' lang='lat' dir='ltr'>iussit</span> <span class='ocrx_word' id='word_1_140' title='bbox 1578 3262 1709 3337; x_wconf 90' lang='lat' dir='ltr'>habere</span> <span class='ocrx_word' id='word_1_141' title='bbox 1724 3266 1790 3338; x_wconf 92' lang='lat' dir='ltr'>sui.</span> 
     </span>
     <span class='ocr_line' id='line_1_17' title="bbox 94 3357 1783 3439; baseline 0.005 -12"><span class='ocrx_word' id='word_1_142' title='bbox 94 3388 175 3414; x_wconf 59' lang='lat' dir='ltr'><em>w</em></span> <span class='ocrx_word' id='word_1_143' title='bbox 810 3385 981 3416; x_wconf 54' lang='grc' dir='ltr'>Μ</span> <span class='ocrx_word' id='word_1_144' title='bbox 1040 3357 1100 3433; x_wconf 83' lang='lat' dir='ltr'>Ah</span> <span class='ocrx_word' id='word_1_145' title='bbox 1115 3388 1179 3435; x_wconf 87' lang='lat' dir='ltr'>cur</span> <span class='ocrx_word' id='word_1_146' title='bbox 1192 3367 1326 3437; x_wconf 91' lang='lat' dir='ltr'>autoris</span> <span class='ocrx_word' id='word_1_147' title='bbox 1339 3369 1492 3439; x_wconf 90' lang='lat' dir='ltr'>subeunt</span> <span class='ocrx_word' id='word_1_148' title='bbox 1507 3369 1642 3438; x_wconf 90' lang='lat' dir='ltr'>oblivia</span> <span class='ocrx_word' id='word_1_149' title='bbox 1655 3366 1783 3439; x_wconf 86' lang='lat' dir='ltr'>nobis?</span> 
     </span>
     <span class='ocr_line' id='line_1_18' title="bbox 95 3460 1959 3565; baseline 0.004 -33"><span class='ocrx_word' id='word_1_150' title='bbox 95 3491 178 3565; x_wconf 78' lang='lat' dir='ltr'>Apud</span> <span class='ocrx_word' id='word_1_151' title='bbox 192 3489 324 3549; x_wconf 74' lang='lat' dir='ltr'>vincent.</span> <span class='ocrx_word' id='word_1_152' title='bbox 341 3510 370 3564; x_wconf 84' lang='lat' dir='ltr'>p.</span> <span class='ocrx_word' id='word_1_153' title='bbox 387 3494 428 3547; x_wconf 88' lang='lat' dir='ltr'>to.</span> <span class='ocrx_word' id='word_1_154' title='bbox 752 3486 761 3499; x_wconf 74' lang='grc'><strong><em>“</em></strong></span> <span class='ocrx_word' id='word_1_155' title='bbox 1091 3463 1196 3537; x_wconf 85' lang='lat' dir='ltr'>Unde</span> <span class='ocrx_word' id='word_1_156' title='bbox 1210 3460 1350 3538; x_wconf 89' lang='lat' dir='ltr'>homini</span> <span class='ocrx_word' id='word_1_157' title='bbox 1365 3470 1456 3539; x_wconf 89' lang='lat' dir='ltr'>tanti</span> <span class='ocrx_word' id='word_1_158' title='bbox 1472 3472 1569 3540; x_wconf 88' lang='lat' dir='ltr'>venit</span> <span class='ocrx_word' id='word_1_159' title='bbox 1583 3472 1682 3560; x_wconf 83' lang='lat' dir='ltr'>origo</span> <span class='ocrx_word' id='word_1_160' title='bbox 1698 3470 1808 3539; x_wconf 84' lang='lat' dir='ltr'>mali?</span> <span class='ocrx_word' id='word_1_161' title='bbox 1956 3555 1959 3563; x_wconf 24' lang='grc'>1</span> 
     </span>
     <span class='ocr_line' id='line_1_19' title="bbox 1039 3566 1829 3663; baseline 0.003 -25"><span class='ocrx_word' id='word_1_162' title='bbox 1039 3566 1111 3638; x_wconf 87' lang='lat' dir='ltr'>Sed</span> <span class='ocrx_word' id='word_1_163' title='bbox 1125 3568 1225 3663; x_wconf 88' lang='lat' dir='ltr'>Deus</span> <span class='ocrx_word' id='word_1_164' title='bbox 1238 3571 1312 3663; x_wconf 88' lang='lat' dir='ltr'>ipse</span> <span class='ocrx_word' id='word_1_165' title='bbox 1326 3595 1389 3642; x_wconf 90' lang='lat' dir='ltr'>sua</span> <span class='ocrx_word' id='word_1_166' title='bbox 1403 3571 1549 3663; x_wconf 81' lang='lat' dir='ltr'>depellit</span> <span class='ocrx_word' id='word_1_167' title='bbox 1564 3571 1643 3642; x_wconf 85' lang='lat' dir='ltr'>luce</span> <span class='ocrx_word' id='word_1_168' title='bbox 1655 3572 1829 3655; x_wconf 87' lang='lat' dir='ltr'>tenebras,</span> 
     </span>
    </p>

    <p class='ocr_par' dir='ltr' id='par_1_9' title="bbox 272 3639 1879 3770">
     <span class='ocr_line' id='line_1_20' title="bbox 272 3639 1879 3770; baseline 0.006 -34"><span class='ocrx_word' id='word_1_169' title='bbox 272 3639 379 3708; x_wconf 61' lang='lat' dir='ltr'>Dm</span> <span class='ocrx_word' id='word_1_170' title='bbox 392 3643 451 3708; x_wconf 62' lang='lat' dir='ltr'><strong><em>m</em></strong></span> <span class='ocrx_word' id='word_1_171' title='bbox 464 3643 573 3708; x_wconf 55' lang='grc' dir='ltr'><strong>Μ</strong></span> <span class='ocrx_word' id='word_1_172' title='bbox 584 3657 705 3709; x_wconf 63' lang='lat' dir='ltr'>mm·</span> <span class='ocrx_word' id='word_1_173' title='bbox 1092 3665 1141 3742; x_wconf 70' lang='grc' dir='ltr'>Εἰ</span> <span class='ocrx_word' id='word_1_174' title='bbox 1155 3694 1244 3767; x_wconf 88' lang='lat' dir='ltr'>quae</span> <span class='ocrx_word' id='word_1_175' title='bbox 1258 3673 1413 3745; x_wconf 88' lang='lat' dir='ltr'>sitvitae</span> <span class='ocrx_word' id='word_1_176' title='bbox 1429 3697 1553 3744; x_wconf 88' lang='lat' dir='ltr'>norma</span> <span class='ocrx_word' id='word_1_177' title='bbox 1571 3677 1879 3770; x_wconf 79' lang='lat' dir='ltr'>sequendadocet.</span> 
     </span>
    </p>

    <p class='ocr_par' dir='ltr' id='par_1_10' title="bbox 94 3763 1870 4496">
     <span class='ocr_line' id='line_1_21' title="bbox 94 3763 1870 3868; baseline 0.005 -32"><span class='ocrx_word' id='word_1_178' title='bbox 94 3824 96 3836; x_wconf 91' lang='lat'>.</span> <span class='ocrx_word' id='word_1_179' title='bbox 111 3763 208 3838; x_wconf 89' lang='lat' dir='ltr'>Deus</span> <span class='ocrx_word' id='word_1_180' title='bbox 221 3788 322 3838; x_wconf 89' lang='lat' dir='ltr'>mens</span> <span class='ocrx_word' id='word_1_181' title='bbox 336 3781 406 3849; x_wconf 85' lang='lat' dir='ltr'>est,</span> <span class='ocrx_word' id='word_1_182' title='bbox 432 3781 527 3839; x_wconf 87' lang='lat' dir='ltr'>casta</span> <span class='ocrx_word' id='word_1_183' title='bbox 542 3768 621 3839; x_wconf 85' lang='lat' dir='ltr'>vult</span> <span class='ocrx_word' id='word_1_184' title='bbox 635 3782 754 3839; x_wconf 86' lang='lat' dir='ltr'>mente</span> <span class='ocrx_word' id='word_1_185' title='bbox 768 3768 901 3851; x_wconf 79' lang='lat' dir='ltr'>vocari,</span> <span class='ocrx_word' id='word_1_186' title='bbox 1007 3798 1009 3802; x_wconf 36' lang='lat'>³</span> <span class='ocrx_word' id='word_1_187' title='bbox 1040 3770 1168 3843; x_wconf 89' lang='lat' dir='ltr'>Audiit</span> <span class='ocrx_word' id='word_1_188' title='bbox 1183 3767 1276 3845; x_wconf 86' lang='lat' dir='ltr'>hane</span> <span class='ocrx_word' id='word_1_189' title='bbox 1290 3777 1389 3847; x_wconf 91' lang='lat' dir='ltr'>coelo</span> <span class='ocrx_word' id='word_1_190' title='bbox 1406 3778 1556 3847; x_wconf 90' lang='lat' dir='ltr'>delatam</span> <span class='ocrx_word' id='word_1_191' title='bbox 1569 3772 1725 3848; x_wconf 83' lang='lat' dir='ltr'>Ecclesia</span> <span class='ocrx_word' id='word_1_192' title='bbox 1743 3776 1870 3868; x_wconf 87' lang='lat' dir='ltr'>prima,</span> 
     </span>
     <span class='ocr_line' id='line_1_22' title="bbox 106 3865 1849 3973; baseline 0.003 -32"><span class='ocrx_word' id='word_1_193' title='bbox 106 3883 218 3942; x_wconf 83' lang='lat' dir='ltr'>rastas</span> <span class='ocrx_word' id='word_1_194' title='bbox 229 3872 370 3963; x_wconf 88' lang='lat' dir='ltr'>pondus</span> <span class='ocrx_word' id='word_1_195' title='bbox 384 3870 489 3942; x_wconf 90' lang='lat' dir='ltr'>iussit</span> <span class='ocrx_word' id='word_1_196' title='bbox 504 3865 635 3941; x_wconf 85' lang='lat' dir='ltr'>babere</span> <span class='ocrx_word' id='word_1_197' title='bbox 650 3893 783 3963; x_wconf 87' lang='lat' dir='ltr'>preces.</span> <span class='ocrx_word' id='word_1_198' title='bbox 1089 3872 1137 3948; x_wconf 88' lang='lat' dir='ltr'>Et</span> <span class='ocrx_word' id='word_1_199' title='bbox 1151 3876 1251 3950; x_wconf 90' lang='lat' dir='ltr'>Deus</span> <span class='ocrx_word' id='word_1_200' title='bbox 1265 3873 1331 3950; x_wconf 90' lang='lat' dir='ltr'>hos</span> <span class='ocrx_word' id='word_1_201' title='bbox 1347 3881 1462 3949; x_wconf 83' lang='lat' dir='ltr'>fontes</span> <span class='ocrx_word' id='word_1_202' title='bbox 1475 3901 1614 3973; x_wconf 85' lang='lat' dir='ltr'>semper</span> <span class='ocrx_word' id='word_1_203' title='bbox 1628 3880 1727 3949; x_wconf 89' lang='lat' dir='ltr'>adire</span> <span class='ocrx_word' id='word_1_204' title='bbox 1743 3879 1849 3950; x_wconf 88' lang='lat' dir='ltr'>iubet.</span> 
     </span>
     <span class='ocr_line' id='line_1_23' title="bbox 94 3965 1710 4069; baseline 0.007 -29"><span class='ocrx_word' id='word_1_205' title='bbox 94 3975 158 4066; x_wconf 73' lang='grc' dir='ltr'>ῐμα</span> <span class='ocrx_word' id='word_1_206' title='bbox 182 3966 256 4046; x_wconf 74' lang='lat' dir='ltr'>tdv</span> <span class='ocrx_word' id='word_1_207' title='bbox 272 3967 362 4053; x_wconf 75' lang='grc' dir='ltr'>θεὸς</span> <span class='ocrx_word' id='word_1_208' title='bbox 383 3967 504 4052; x_wconf 75' lang='grc' dir='ltr'><strong><em>ἀΐδιος</em></strong></span> <span class='ocrx_word' id='word_1_209' title='bbox 521 3965 698 4067; x_wconf 69' lang='grc' dir='ltr'><strong><em>καθαρόν</em></strong></span> <span class='ocrx_word' id='word_1_210' title='bbox 715 3997 755 4045; x_wconf 78' lang='grc' dir='ltr'>τε</span> <span class='ocrx_word' id='word_1_211' title='bbox 771 3965 836 4044; x_wconf 75' lang='grc' dir='ltr'>καὶ</span> <span class='ocrx_word' id='word_1_212' title='bbox 852 3965 985 4069; x_wconf 71' lang='grc' dir='ltr'><strong><em>ἁγνόν,</em></strong></span> <span class='ocrx_word' id='word_1_213' title='bbox 1706 3977 1710 3980; x_wconf 64' lang='grc'>’</span> 
     </span>
     <span class='ocr_line' id='line_1_24' title="bbox 94 4069 876 4175; baseline -0.006 -25"><span class='ocrx_word' id='word_1_214' title='bbox 94 4081 122 4150; x_wconf 68' lang='grc' dir='ltr'>’ψ</span> <span class='ocrx_word' id='word_1_215' title='bbox 141 4070 273 4175; x_wconf 70' lang='grc' dir='ltr'><em>ἁγνῶν</em></span> <span class='ocrx_word' id='word_1_216' title='bbox 295 4070 439 4168; x_wconf 76' lang='grc' dir='ltr'><strong><em>δέχεται</em></strong></span> <span class='ocrx_word' id='word_1_217' title='bbox 461 4069 543 4170; x_wconf 81' lang='grc' dir='ltr'>ἱερὰ</span> <span class='ocrx_word' id='word_1_218' title='bbox 566 4079 691 4168; x_wconf 73' lang='grc' dir='ltr'><strong><em>μοῦνα</em></strong></span> <span class='ocrx_word' id='word_1_219' title='bbox 703 4077 876 4171; x_wconf 69' lang='grc' dir='ltr'>φρενῶν.</span> 
     </span>
     <span class='ocr_line' id='line_1_25' title="bbox 94 4170 1201 4288; baseline -0.002 -36"><span class='ocrx_word' id='word_1_220' title='bbox 94 4172 157 4252; x_wconf 77' lang='grc' dir='ltr'>ίαν</span> <span class='ocrx_word' id='word_1_221' title='bbox 177 4173 241 4249; x_wconf 79' lang='grc' dir='ltr'>καὶ</span> <span class='ocrx_word' id='word_1_222' title='bbox 262 4174 364 4259; x_wconf 76' lang='grc' dir='ltr'><strong><em>ἔταξε</em></strong></span> <span class='ocrx_word' id='word_1_223' title='bbox 385 4171 516 4272; x_wconf 76' lang='grc' dir='ltr'>νόμοις</span> <span class='ocrx_word' id='word_1_224' title='bbox 538 4180 706 4271; x_wconf 67' lang='lat' dir='ltr'>&lt;remeius</span> <span class='ocrx_word' id='word_1_225' title='bbox 726 4170 876 4278; x_wconf 70' lang='grc' dir='ltr'><em>γάμοιο,</em></span> <span class='ocrx_word' id='word_1_226' title='bbox 1038 4216 1093 4287; x_wconf 71' lang='lat' dir='ltr'>No</span> <span class='ocrx_word' id='word_1_227' title='bbox 1126 4217 1201 4288; x_wconf 69' lang='lat'>333</span> 
     </span>
     <span class='ocr_line' id='line_1_26' title="bbox 94 4270 1217 4379; baseline 0.004 -30"><span class='ocrx_word' id='word_1_228' title='bbox 94 4272 206 4374; x_wconf 81' lang='grc' dir='ltr'><em>ιὴσεις</em></span> <span class='ocrx_word' id='word_1_229' title='bbox 225 4274 320 4351; x_wconf 77' lang='grc' dir='ltr'><em>θεὸν</em></span> <span class='ocrx_word' id='word_1_230' title='bbox 346 4270 416 4353; x_wconf 79' lang='grc' dir='ltr'>οὖν</span> <span class='ocrx_word' id='word_1_231' title='bbox 440 4279 482 4352; x_wconf 75' lang='grc' dir='ltr'>ἐν</span> <span class='ocrx_word' id='word_1_232' title='bbox 504 4272 619 4379; x_wconf 73' lang='grc' dir='ltr'>γάμῳ</span> <span class='ocrx_word' id='word_1_233' title='bbox 642 4276 831 4372; x_wconf 77' lang='grc' dir='ltr'><strong><em>εὐσεβέως.</em></strong></span> <span class='ocrx_word' id='word_1_234' title='bbox 1045 4271 1217 4342; x_wconf 61' lang='grc' dir='ltr'>νον-ν’</span> 
     </span>
     <span class='ocr_line' id='line_1_27' title="bbox 643 4413 1468 4496; baseline 0.006 -31"><span class='ocrx_word' id='word_1_235' title='bbox 643 4418 646 4425; x_wconf 92' lang='grc'><strong>“</strong></span> <span class='ocrx_word' id='word_1_236' title='bbox 1134 4414 1215 4496; x_wconf 77' lang='lat' dir='ltr'>Apud</span> <span class='ocrx_word' id='word_1_237' title='bbox 1233 4413 1358 4472; x_wconf 80' lang='lat' dir='ltr'>vincent.</span> <span class='ocrx_word' id='word_1_238' title='bbox 1377 4437 1406 4490; x_wconf 84' lang='lat' dir='ltr'>p.</span> <span class='ocrx_word' id='word_1_239' title='bbox 1426 4415 1468 4470; x_wconf 75' lang='lat'>12.</span> 
     </span>
    </p>
   </div>
   <div class='ocr_carea' id='block_1_8' title="bbox 94 4573 1753 4692">
    <p class='ocr_par' dir='ltr' id='par_1_11' title="bbox 94 4573 1753 4692">
     <span class='ocr_line' id='line_1_28' title="bbox 94 4573 1753 4692; baseline -0.02 -6"><span class='ocrx_word' id='word_1_240' title='bbox 94 4616 166 4692; x_wconf 70' lang='lat'>⁵36.</span> <span class='ocrx_word' id='word_1_241' title='bbox 829 4659 883 4672; x_wconf 82' lang='lat'>..</span> <span class='ocrx_word' id='word_1_242' title='bbox 907 4654 959 4672; x_wconf 80' lang='grc'>..,</span> <span class='ocrx_word' id='word_1_243' title='bbox 1325 4580 1372 4650; x_wconf 80' lang='lat' dir='ltr'>Iu</span> <span class='ocrx_word' id='word_1_244' title='bbox 1389 4573 1568 4653; x_wconf 74' lang='lat' dir='ltr'>historias</span> <span class='ocrx_word' id='word_1_245' title='bbox 1584 4584 1753 4678; x_wconf 55' lang='lat' dir='ltr'>heysem!</span> 
     </span>
    </p>
   </div>
   <div class='ocr_carea' id='block_1_9' title="bbox 94 4706 2029 5053">
    <p class='ocr_par' dir='ltr' id='par_1_12' title="bbox 94 4706 2029 5053">
     <span class='ocr_line' id='line_1_29' title="bbox 211 4706 2028 4813; baseline 0.012 -41"><span class='ocrx_word' id='word_1_246' title='bbox 211 4758 213 4762; x_wconf 50' lang='grc'><em>»</em></span> <span class='ocrx_word' id='word_1_247' title='bbox 468 4796 469 4799; x_wconf 9' lang='lat'>¹</span> <span class='ocrx_word' id='word_1_248' title='bbox 804 4715 978 4750; x_wconf 53' lang='grc' dir='ltr'>*Ν</span> <span class='ocrx_word' id='word_1_249' title='bbox 1035 4706 1138 4783; x_wconf 88' lang='lat' dir='ltr'>Hanc</span> <span class='ocrx_word' id='word_1_250' title='bbox 1153 4713 1334 4804; x_wconf 85' lang='lat' dir='ltr'>speculum</span> <span class='ocrx_word' id='word_1_251' title='bbox 1351 4708 1424 4786; x_wconf 82' lang='lat' dir='ltr'>vita</span> <span class='ocrx_word' id='word_1_252' title='bbox 1439 4718 1560 4802; x_wconf 86' lang='lat' dir='ltr'>ducas,</span> <span class='ocrx_word' id='word_1_253' title='bbox 1585 4741 1797 4813; x_wconf 87' lang='lat' dir='ltr'>morumque</span> <span class='ocrx_word' id='word_1_254' title='bbox 1813 4720 2028 4812; x_wconf 78' lang='lat' dir='ltr'>magistram,</span> 
     </span>
     <span class='ocr_line' id='line_1_30' title="bbox 94 4812 1807 4904; baseline 0.01 -29"><span class='ocrx_word' id='word_1_255' title='bbox 94 4819 174 4894; x_wconf 71' lang='lat' dir='ltr'>Apud</span> <span class='ocrx_word' id='word_1_256' title='bbox 188 4819 315 4875; x_wconf 65' lang='lat' dir='ltr'>marens.</span> <span class='ocrx_word' id='word_1_257' title='bbox 333 4835 362 4890; x_wconf 77' lang='lat' dir='ltr'>p.</span> <span class='ocrx_word' id='word_1_258' title='bbox 375 4820 418 4873; x_wconf 89' lang='lat' dir='ltr'>tt.</span> <span class='ocrx_word' id='word_1_259' title='bbox 1087 4812 1188 4904; x_wconf 89' lang='lat' dir='ltr'>Quae</span> <span class='ocrx_word' id='word_1_260' title='bbox 1204 4815 1309 4887; x_wconf 85' lang='lat' dir='ltr'>libris</span> <span class='ocrx_word' id='word_1_261' title='bbox 1323 4817 1401 4888; x_wconf 85' lang='lat' dir='ltr'>istis</span> <span class='ocrx_word' id='word_1_262' title='bbox 1416 4820 1586 4903; x_wconf 82' lang='lat' dir='ltr'>traditur,</span> <span class='ocrx_word' id='word_1_263' title='bbox 1608 4815 1807 4892; x_wconf 84' lang='lat' dir='ltr'>historiam.</span> 
     </span>
     <span class='ocr_line' id='line_1_31' title="bbox 382 4912 2029 5053; baseline 0.012 -76"><span class='ocrx_word' id='word_1_264' title='bbox 382 4975 588 5053; x_wconf 53' lang='lat' dir='ltr'>”mm</span> <span class='ocrx_word' id='word_1_265' title='bbox 863 5002 869 5009; x_wconf 26' lang='lat'>⁸</span> <span class='ocrx_word' id='word_1_266' title='bbox 1035 4912 1195 4988; x_wconf 86' lang='lat' dir='ltr'>Praemia</span> <span class='ocrx_word' id='word_1_267' title='bbox 1211 4917 1386 4990; x_wconf 91' lang='lat' dir='ltr'>iustorum</span> <span class='ocrx_word' id='word_1_268' title='bbox 1398 4936 1588 5009; x_wconf 89' lang='lat' dir='ltr'>monstrat,</span> <span class='ocrx_word' id='word_1_269' title='bbox 1610 4949 1813 5018; x_wconf 89' lang='lat' dir='ltr'>poenasque</span> <span class='ocrx_word' id='word_1_270' title='bbox 1825 4941 2029 5014; x_wconf 86' lang='lat' dir='ltr'>nocentum,</span> 
     </span>
    </p>
   </div>
   <div class='ocr_carea' id='block_1_10' title="bbox 94 5013 1894 5221">
    <p class='ocr_par' dir='ltr' id='par_1_13' title="bbox 94 5013 1894 5221">
     <span class='ocr_line' id='line_1_32' title="bbox 623 5013 1823 5113; baseline 0.012 -30"><span class='ocrx_word' id='word_1_271' title='bbox 623 5091 625 5095; x_wconf 12' lang='lat' dir='ltr'>v</span> <span class='ocrx_word' id='word_1_272' title='bbox 1085 5013 1134 5089; x_wconf 81' lang='lat' dir='ltr'>Et</span> <span class='ocrx_word' id='word_1_273' title='bbox 1149 5044 1312 5112; x_wconf 86' lang='lat' dir='ltr'>praesens</span> <span class='ocrx_word' id='word_1_274' title='bbox 1326 5023 1442 5113; x_wconf 80' lang='lat' dir='ltr'>reguis</span> <span class='ocrx_word' id='word_1_275' title='bbox 1458 5048 1592 5095; x_wconf 88' lang='lat' dir='ltr'>numen</span> <span class='ocrx_word' id='word_1_276' title='bbox 1608 5029 1729 5097; x_wconf 84' lang='lat' dir='ltr'>adesse</span> <span class='ocrx_word' id='word_1_277' title='bbox 1741 5025 1823 5098; x_wconf 86' lang='lat' dir='ltr'>Dei.</span> 
     </span>
     <span class='ocr_line' id='line_1_33' title="bbox 94 5115 1894 5221; baseline 0.007 -35"><span class='ocrx_word' id='word_1_278' title='bbox 94 5140 112 5186; x_wconf 93' lang='lat' dir='ltr'>a</span> <span class='ocrx_word' id='word_1_279' title='bbox 129 5116 306 5208; x_wconf 80' lang='lat' dir='ltr'>pertingat</span> <span class='ocrx_word' id='word_1_280' title='bbox 322 5127 554 5208; x_wconf 74' lang='lat' dir='ltr'>penetretque</span> <span class='ocrx_word' id='word_1_281' title='bbox 569 5115 727 5207; x_wconf 76' lang='lat' dir='ltr'>precatio</span> <span class='ocrx_word' id='word_1_282' title='bbox 743 5117 894 5202; x_wconf 87' lang='lat' dir='ltr'>coelum,</span> <span class='ocrx_word' id='word_1_283' title='bbox 1034 5117 1082 5192; x_wconf 83' lang='lat' dir='ltr'>Et</span> <span class='ocrx_word' id='word_1_284' title='bbox 1098 5122 1244 5193; x_wconf 83' lang='lat' dir='ltr'>dubiam</span> <span class='ocrx_word' id='word_1_285' title='bbox 1258 5124 1352 5194; x_wconf 88' lang='lat' dir='ltr'>vitae</span> <span class='ocrx_word' id='word_1_286' title='bbox 1367 5138 1519 5220; x_wconf 88' lang='lat' dir='ltr'>sortem,</span> <span class='ocrx_word' id='word_1_287' title='bbox 1545 5151 1586 5197; x_wconf 87' lang='lat' dir='ltr'>ae</span> <span class='ocrx_word' id='word_1_288' title='bbox 1602 5129 1735 5201; x_wconf 86' lang='lat' dir='ltr'>ineerta</span> <span class='ocrx_word' id='word_1_289' title='bbox 1750 5130 1894 5221; x_wconf 81' lang='lat' dir='ltr'>pericla,</span> 
     </span>
    </p>
   </div>
   <div class='ocr_carea' id='block_1_11' title="bbox 94 5218 1812 5331">
    <p class='ocr_par' dir='ltr' id='par_1_14' title="bbox 94 5218 1812 5331">
     <span class='ocr_line' id='line_1_34' title="bbox 94 5218 1812 5331; baseline 0.006 -41"><span class='ocrx_word' id='word_1_290' title='bbox 94 5218 194 5290; x_wconf 87' lang='lat' dir='ltr'>denti</span> <span class='ocrx_word' id='word_1_291' title='bbox 211 5218 271 5290; x_wconf 81' lang='lat' dir='ltr'>fiat</span> <span class='ocrx_word' id='word_1_292' title='bbox 286 5241 417 5312; x_wconf 84' lang='lat' dir='ltr'>speque</span> <span class='ocrx_word' id='word_1_293' title='bbox 430 5218 570 5312; x_wconf 83' lang='lat' dir='ltr'>fideque</span> <span class='ocrx_word' id='word_1_294' title='bbox 583 5218 762 5311; x_wconf 76' lang='lat' dir='ltr'>frequens.</span> <span class='ocrx_word' id='word_1_295' title='bbox 1084 5223 1168 5296; x_wconf 89' lang='lat' dir='ltr'>Nou</span> <span class='ocrx_word' id='word_1_296' title='bbox 1183 5238 1321 5297; x_wconf 90' lang='lat' dir='ltr'>tantum</span> <span class='ocrx_word' id='word_1_297' title='bbox 1339 5220 1496 5331; x_wconf 87' lang='lat' dir='ltr'>humana</span> <span class='ocrx_word' id='word_1_298' title='bbox 1511 5230 1705 5305; x_wconf 78' lang='lat' dir='ltr'>calliditate</span> <span class='ocrx_word' id='word_1_299' title='bbox 1721 5230 1812 5321; x_wconf 80' lang='lat' dir='ltr'>regi:</span> 
     </span>
    </p>
   </div>
   <div class='ocr_carea' id='block_1_12' title="bbox 0 0 2278 5760">
    <p class='ocr_par' dir='ltr' id='par_1_15' title="bbox 0 0 2278 5760">
     <span class='ocr_line' id='line_1_35' title="bbox 0 0 2278 5760; baseline 0 0"><span class='ocrx_word' id='word_1_300' title='bbox 0 0 2278 5760; x_wconf 95' lang='lat' dir='ltr'> </span> 
     </span>
    </p>
   </div>
  </div>
 </body>
</html>
