4546 5760
49 204 133 295 sos,
644 199 1070 297 Quaasmonus
1111 195 1512 293 acanusncan
1955 210 1960 219 ·
2018 206 2095 281 sos

136 367 260 447 'Esset
279 383 401 445 sutem
421 392 526 441 causa
554 371 706 464 peccati,
738 370 877 443 sublata
907 394 1053 465 prorsus
1100 370 1184 467 Deis
1224 364 1319 458 firgo
1334 367 1389 437 illi
1403 379 1455 439 est
1470 367 1788 460 obtemperandum
1805 395 1892 465 prae
1906 387 2094 465 parentum

51 474 300 567 contingentia
313 486 348 546 et
361 473 527 544 libertate
539 472 733 545 voluntatis
749 468 796 566 ⁸).
1099 470 1317 545 obedientia.
1374 466 1492 541 Proba
1508 468 1694 545 minorem.
1746 470 1838 545 Cum
1856 471 1953 546 Deus
1968 476 2015 546 sit
2027 484 2097 547 na-'

155 575 279 669 Quare
301 575 499 647 absurdum
517 599 560 645 ac
581 576 711 647 falsum
733 589 803 663 est,
828 576 950 647 omnia
972 576 1052 647 fieri
1100 588 1200 645 turae
1220 573 1338 664 opifex
1361 584 1396 643 et
1416 572 1492 663 ipse
1515 571 1651 644 dederit
1674 573 1765 644 mihi
1784 589 1948 647 naturam
1974 591 2092 669 aptam

50 680 267 755 necesario.
303 676 356 749 lta
371 691 406 748 et
418 671 630 769 Philosophi
644 678 833 769 iudignum
847 679 1051 751 existimant
1099 678 1142 745 ad
1159 672 1358 765 theologiae
1373 672 1549 755 studium,
1572 676 1740 755 omnibus
1754 679 1867 747 animi
1882 680 2018 751 viribus
2033 681 2091 749 iu-

49 782 262 866 divinitate,
286 803 425 851 causam
447 780 664 869 flagitiorum
678 804 719 848 ac
734 781 905 851 scelerum
922 775 1050 851 huma-
1099 779 1273 850 cumbam.
1325 772 1418 847 Cum
1441 788 1558 846 autem
1576 778 1727 849 subinde
1749 781 1904 854 subeunt
1924 777 2015 851 mihi
2030 806 2092 853 co-

48 908 186 957 ncrum
201 884 241 953 in
258 880 373 953 Deum
388 881 569 967 conferre,
593 896 628 954 et
648 906 726 951 meo
743 884 887 975 quidem
904 883 1050 970 iudicio,
1099 881 1288 971 gitationes
1301 881 1346 948 de
1367 877 1444 947 istis
1457 877 1764 971 periculosissimis
1780 884 2021 974 temporibus,
2046 886 2091 954 de
2147 954 2151 962 ,

10 972 183 1081 l'opinio
198 999 252 1056 est
268 985 392 1054 auditu
406 984 571 1057 crudelis.
610 981 733 1054 Citant
746 978 957 1076 Philosophi
970 1010 1049 1055 ver·
1099 983 1267 1076 periculis
1285 976 1483 1065 Ecclesiae,
1508 982 1603 1074 quod
1629 983 1676 1053 ita
1702 985 1876 1057 laceratur
1897 1000 1931 1057 et
1948 1010 2091 1081 quassa-

10 1078 15 1161 l
51 1080 208 1161 siculum
225 1110 267 1156 ex
280 1082 475 1177 Euripide,
502 1086 694 1175 acmagnis
719 1087 886 1156 laudibus
902 1082 1049 1161 vehunt.
1097 1099 1159 1155 tur
1174 1087 1220 1155 ab
1235 1078 1437 1167 haereticis,
1464 1094 1498 1152 et
1513 1104 1576 1172 ego
1595 1085 1734 1176 cupiam
1750 1088 1952 1159 consultum
1966 1085 2091 1159 Eccle-

30 1180 191 1285 *Easque
215 1184 304 1259 haec
329 1187 503 1257 sententia
535 1188 717 1258 versiculi:
756 1187 796 1260 si
822 1187 885 1259 Dii
910 1203 1049 1259 autores
1098 1187 1188 1272 siae,
1215 1188 1344 1256 deinde
1368 1182 1539 1273 cogitem,
1565 1187 1733 1276 quamsit
1758 1189 1997 1282 periculosum
2016 1215 2090 1261 non

40 1278 140 1367 aune
161 1289 415 1383 turpitudinis,
441 1286 504 1360 Dii
525 1312 687 1359 essenon
712 1303 879 1382 possunt,
909 1290 941 1363 si
965 1286 1050 1363 θεοί
1097 1291 1140 1357 ad
1151 1312 1305 1379 unguem
1322 1301 1443 1357 tenere
1457 1284 1680 1376 scripturam,
1697 1290 1737 1359 in
1753 1292 2020 1365 tautisSatanae
2033 1293 2091 1361 in-

34 1402 91 1469 '-·ss
112 1389 258 1491 δρῶσιν
278 1387 452 1487 αἰσχρὸν,
488 1386 558 1461 οὐκ
577 1391 670 1463 ei'usv
693 1388 790 1465 θεοὶ.
1097 1392 1217 1473 sidiis,
1243 1389 1307 1485 qui
1322 1411 1389 1458 nos
1405 1387 1588 1480 impugnat
1602 1391 1679 1460 sine
1698 1392 1983 1481 intermissione,
2008 1418 2090 1465 cum

54 1492 60 1499 ’
158 1492 235 1567 lam
249 1494 279 1564 si
294 1494 414 1564 omnia
437 1492 674 1563 immutabilia
699 1509 800 1580 sunt,
825 1496 1049 1588 quare'Deus
1097 1494 1166 1577 sic,
1200 1494 1366 1585 inquam,
1396 1488 1602 1583 frequenter
1617 1494 1792 1582 cogitem,
1826 1498 1941 1568 sentio
1964 1521 2021 1566 me
2043 1501 2088 1566 ad

43 1584 278 1669 invocandus
295 1588 382 1690 et⁰)
399 1595 591 1686 placandus
606 1595 682 1664 cst?
731 1594 798 1666 His
812 1611 931 1667 autem
950 1596 1048 1667 labe-
1097 1590 1296 1690 theologiae
1312 1591 1469 1664 studium
1486 1590 1660 1664 divinitus
1677 1597 1809 1668 vocari,
1860 1597 2000 1669 Deinde
2022 1594 2091 1669 hoc

48 1700 211 1780 focutis,
235 1697 360 1788 religio
374 1696 536 1767 funditus
552 1696 703 1771 tollitur.
1097 1696 1283 1768 confirmat
1312 1694 1510 1786 exemplum
1535 1707 1569 1763 et
1600 1696 1735 1767 dictum
1756 1693 1892 1771 Christi
1913 1701 2029 1771 Lucae
2052 1705 2090 1777 2.

39 1868 43 1873 .
156 1796 300 1873 Deinde
328 1799 416 1893 quid
445 1798 583 1889 legibus
605 1823 645 1869 ac
660 1794 695 1892 ²)
727 1800 935 1892 disciplinae
958 1820 1049 1891 opus
1097 1794 1261 1869 Christus
1296 1809 1418 1867 contra
1453 1795 1671 1868 voluntatem
1706 1815 1891 1891 pareutum
1921 1805 2090 1876 remansit

48 1914 127 1991 est,
150 1900 183 1975 ti
205 1896 299 1979 hanc
320 1901 547 1997 tyrannidem
573 1901 727 1992 possidet
748 1895 915 2002 ἀνάγκη,
941 1925 1048 1995 quam
1097 1898 1355 1995 Hierosolymis
1370 1899 1409 1966 in
1424 1899 1529 1968 turba
1541 1898 1746 1983 doctorum,
1770 1917 1803 1972 ει
1818 1905 1883 1975 ait:
1910 1902 2091 1974 nescieba-

51 2006 90 2079 ἐἰ
110 2004 279 2085 tribuunt
293 2000 430 2075 Stoici?
460 2002 572 2073 Recte
594 2005 755 2076 servulus
774 2004 943 2091 Zenonis,
968 2026 1047 2073 cum
1098 1998 1164 2088 tis,
1190 1995 1292 2100 quod
1311 1998 1352 2068 in
1380 1992 1443 2068 Isis
1461 2021 1556 2096 quae
1574 2001 1698 2097 patris
1723 2002 1798 2073 mei
1818 2014 1926 2092 sunt,
1955 2015 2090 2103 oportet

51 2102 261 2199 obiurganti
282 2100 370 2177 hero
396 2128 432 2173 se
452 2118 650 2190 excusaret,
690 2102 781 2205 ιε’)
804 2121 965 2179 coactum
987 2104 1048 2173 illa
1098 2125 1153 2172 nse
1167 2101 1268 2174 asse?
1292 2102 1353 2173 Sic
1369 2115 1403 2171 et
1419 2126 1503 2187 nos,
1527 2126 1608 2174 cum
1626 2104 1687 2173 ille
1701 2109 1809 2177 ardor
1825 2111 1867 2178 ad
1884 2110 2089 2179 discendam

10 2200 262 2347 &necessitate
276 2206 434 2298 magistri
449 2207 505 2278 sui
520 2232 689 2300 peccasse.
1100 2202 1312 2296 theologiam
1330 2204 1375 2274 sit
1390 2228 1409 2271 a
1425 2201 1519 2288 Deo,
1545 2206 1715 2277 debemus
1731 2223 1854 2279 contra
1872 2213 2091 2282 voluntatem

10 2352 29 2407 p
140 2309 284 2407 ,ltaque
304 2310 370 2381 etsi
390 2330 454 2397 ego
476 2310 619 2403 quidem
640 2309 787 2381 auribus
808 2323 912 2403 atque
928 2308 1048 2379 animo
1098 2322 1285 2401 parentum
1308 2306 1347 2375 in
1367 2331 1408 2377 eo
1433 2329 1597 2392 manere,
1625 2309 1761 2379 etiamsi
1786 2335 1851 2382 nos
1872 2314 1945 2384 sint
1963 2308 2091 2384 exhae-

10 2416 77 2509 μ
97 2412 302 2487 Stoicorum
323 2410 494 2505 opinione
515 2407 711 2496 abhorreo,
737 2426 856 2484 tamen
879 2411 1049 2507 quomam
1099 2412 1297 2485 reditaturi.
1590 2480 1597 2487 ,,

10 2504 42 2599 ',.].
51 2514 297 2589 controversia
322 2513 478 2584 difficilis
503 2526 572 2600 est,
596 2528 632 2585 et
653 2515 743 2587 ratio
758 2512 959 2586 Stoicorum
975 2534 1049 2582 non
1380 2535 1384 2542 ·
1500 2558 1578 2626 Non
1599 2556 1677 2625 um

15 2666 29 2703 -s
51 2618 137 2691 sine
160 2616 303 2706 negotio
320 2616 466 2687 dissolvi
485 2640 525 2686 ac
543 2615 634 2688 dilui
658 2629 793 2710 potest,
818 2619 939 2687 defero
954 2610 1049 2686 hanc
1552 2650 1555 2655 ⁴
1678 2606 1687 2625 ⁰

11 2770 28 2789 -.
53 2733 169 2793 totam
190 2718 468 2791 controversiam
485 2720 530 2786 ad
548 2718 790 2789 doctissimum
805 2719 942 2804 virum,
968 2715 1050 2787 Ma-

54 2822 208 2914 gistrum
221 2814 462 2906 Mls'chium,
488 2844 640 2915 eumque
664 2844 770 2911 rogo,
793 2833 835 2890 ut
854 2845 919 2912 pro
936 2842 997 2890 sua
1016 2831 1050 2887 et

56 2946 141 3015 erga
163 2946 221 3021 me
246 2923 511 3007 benevolentia,
536 2935 571 2994 ει
594 2922 767 3012 singulari
783 2923 853 2993 tide
868 2945 949 3013 erga
964 2921 1050 2991 uni-

10 3066 28 3117 ,
54 3049 197 3097 versam
216 3020 403 3106 scholam,
435 3025 701 3097 diiudicandam
723 3049 863 3096 causam
886 3038 922 3095 et
937 3023 1050 3117 expli·

10 3160 29 3233 p
54 3130 209 3200 eandam
232 3128 410 3220 suscipiat.
471 3126 552 3216 Qua
575 3128 613 3195 in
630 3151 668 3195 re
689 3142 723 3198 et
741 3122 832 3196 mihi
847 3138 1049 3217 pergratum

54 3229 175 3316 faciet,
189 3242 222 3299 et
236 3231 280 3298 de
295 3229 461 3299 universa
473 3224 602 3300 Schola
616 3229 707 3298 bene
723 3231 925 3312 merebitur,
943 3250 1049 3320 quam

10 3406 33 3421 ,Ι
53 3332 217 3427 profecto
242 3331 435 3422 plurimum
455 3331 563 3400 refert
585 3354 691 3424 quam
709 3330 860 3400 maxime
882 3332 1051 3398 adversus

10 3482 30 3531 3
55 3433 248 3528 opiniones
264 3458 388 3525 parum
409 3435 512 3504 utiles
529 3432 717 3521 diligenter
732 3433 906 3503 munitam
926 3455 1012 3504 esse.

1201 2676 1417 2775 Expressum
1439 2678 1508 2752 Ilei
1532 2682 1740 2753 mandatum
1763 2696 1835 2770 est,
1866 2700 1907 2756 ut
1930 2702 2093 2776 parentes

1099 2779 1335 2871 honoremus,
1360 2779 1429 2854 hoc
1455 2797 1526 2869 est,
1552 2785 1753 2856 tribuamus
1780 2787 1831 2856 eis
1860 2788 2032 2859 iustitiam
2059 2805 2095 2862 et

1100 2988 1177 3059 tati.
1227 2985 1325 3079 Ergo
1340 3012 1414 3057 non
1432 2988 1516 3058 licet
1540 2989 1645 3057 nobis
1662 3003 1785 3060 contra
1801 2986 1869 3061 hoc
1886 2996 2093 3081 mandatum

1100 3089 1169 3160 Dei
1189 3092 1292 3183 sequi
1313 3091 1467 3183 aliquem
1490 3091 1672 3177 ardorem,
1704 3117 1808 3187 quem
1832 3094 1998 3185 fingimus
2021 3120 2095 3167 esse

1101 3193 1320 3264 vocationem
1336 3189 1415 3263 Dei.
1468 3190 1651 3264 Secundo:
1677 3194 1741 3264 ubi
1754 3194 1913 3266 animum
1929 3197 2094 3268 intende·

1103 3296 1172 3379 ris,
1195 3295 1247 3365 ibi
1264 3296 1369 3365 valet.
1420 3293 1513 3383 Quia
1532 3296 1627 3364 enim
1653 3296 1782 3390 aliquis
1801 3299 1938 3368 audivit
1956 3302 2095 3372 cantio-

1105 3420 1169 3465 nes
1196 3408 1231 3464 et
1258 3396 1427 3468 lectiones
1452 3420 1566 3466 sacras
1593 3410 1627 3466 et
1656 3398 1728 3467 illis
1755 3413 1808 3470 est
1833 3401 2094 3491 aliquantulum

1103 3510 1318 3584 commotus,
1344 3498 1472 3591 spiritu
1492 3513 1593 3589 putat
1614 3522 1650 3566 se
1672 3501 1844 3571 divinitus
1869 3504 1913 3571 ad
1938 3499 2094 3575 Theolo-

1102 3600 1195 3690 giam
1215 3600 1346 3669 vocari.
1391 3598 1432 3671 si
1449 3624 1533 3669 vero
1549 3601 1741 3672 audivisset
1755 3602 1916 3673 Medicos
1933 3616 1965 3674 et
1985 3604 2096 3677 luris-

1104 3703 1285 3773 consultos
1307 3701 1464 3771 fortassis
1477 3726 1551 3771 nou
1567 3702 1686 3773 minus
1701 3706 1934 3776 delectaretur
1949 3708 2094 3779 illorum

835 3882 1047 3918 Μ

10 3788 35 3965 ε
61 3786 238 3916 Μ
848 3789 915 3868 (⁸¹1·
942 3788 1053 3870 1534ο)
1104 3803 1217 3889 libris,
1240 3828 1346 3899 quam
1362 3799 1577 3897 Theologia,
1599 3808 1804 3898 praesertim
1820 3833 1900 3878 cum
1915 3812 2032 3896 sciret,
2057 3834 2095 3880 se

1105 3906 1144 3975 in
1178 3931 1220 3977 eo
1245 3906 1392 3977 obedire
1419 3904 1625 3997 parentibus
1652 3922 1686 3978 et
1718 3908 1831 3978 facere
1857 3910 1991 3981 cultum
2018 3910 2096 3982 Dei.

1106 4008 1248 4079 Tertio:
1272 4033 1378 4099 opera
1396 4011 1569 4078 secundae
1590 4010 1731 4080 tabulae
1749 4035 1862 4104 aeque
1878 4027 1961 4083 sunt
1980 4015 2096 4085 cultus

10 4076 262 4233 iwanum
296 4144 453 4213 metm,
481 4144 535 4234 eg,
567 4146 632 4237 qm·
658 4139 808 4240 flamm
831 4137 1055 4236 mogo-fiae
1103 4109 1172 4228 Dei
1187 4134 1227 4179 ac
1248 4134 1353 4202 opera
1370 4111 1506 4201 primae
1529 4112 1687 4196 tabulae,
1713 4113 1769 4182 vel
1785 4108 1921 4185 Christi
1935 4116 2096 4186 testimo.

59 4244 268 4321 dhcendm
287 4243 414 4315 studio
438 4255 570 4317 contro
595 4255 800 4338 parentum
819 4244 1055 4315 voluntatem
1104 4235 1167 4281 ”¹⁰
1192 4206 1325 4285 Matth.
1346 4215 1408 4285 22·
1466 4209 1562 4303 3‘80
1585 4214 1755 4335 d⁰b⁰¹f¹⁰⁸
1785 4217 1909 4286 ³¹¹le
1934 4232 2096 4310 parentes

57 4347 256 4425 „deam
273 4344 512 4442 momine,
529 4347 738 4442 &quidem
755 4345 1054 4435 angmmgopgm
1104 4309 1332 4385 adhortantes
1352 4338 1418 4383 nos
1439 4316 1485 4383 ad
1512 4315 1580 4384 tale
1603 4320 1779 4402 studrum,
1813 4318 1910 4411 quod
1934 4320 1976 4388 ad
2003 4319 2097 4389 hanc

118 4459 200 4547 ‘1¹⁰⁰
212 4455 332 4545 'mit
346 4448 480 4521 docere
497 4453 727 4549 emmenum
744 4455 787 4523 in
801 4443 997 4521 Mem-ap
1104 4417 1243 4486 civilem
1260 4419 1368 4536 sitam
1386 4428 1421 4486 et
1433 4418 1699 4538 gubernandam
1714 4421 1969 4539 rempublicam
1987 4422 2095 4511 perti·

1104 4531 1182 4602 net,
1215 4519 1277 4589 ubr
1304 4532 1421 4588 tamen
1444 4532 1582 4588 tantum
1612 4537 1716 4591 enam
1742 4516 1961 4612 Theolograe
1982 4537 2098 4617 potest

58 4586 184 4677 Liui.
209 4594 346 4671 Rufio:
373 4597 564 4670 vocallilssi
579 4599 1053 4689 eiVOlUssifliiObtemperass·
1105 4620 1231 4704 tribui,
1264 4636 1439 4717 quantum
1462 4622 1546 4692 satis
1572 4636 1627 4692 est
1651 4624 1695 4692 ad
1720 4648 1817 4692 suam
1840 4626 2015 4717 privatam
2038 4649 2096 4696 sa.

59 4706 216 4775 domest
234 4715 517 4795 praepotentum
532 4703 747 4777 obedientia.
777 4701 841 4771 llle
857 4703 966 4769 ardor
981 4723 1052 4793 quo
1104 4723 1225 4792 putem·

40 4862 46 4873 .
60 4806 254 4877 incitamur
268 4807 312 4874 ad
328 4804 533 4874 discendam
550 4806 829 4899 unamaliquam
851 4802 1052 4872 facultatem

60 4932 148 5004 prae
176 4908 340 4991 caeteris,
373 4918 426 4975 est
450 4907 592 4978 interna
619 4908 778 4997 vocatio,
812 4917 864 4975 est
889 4904 1053 4974 voluntas
1411 4880 1591 4969 ¹3⁶⁸P⁰m²⁸⁰
1616 4884 1674 4954 Pl·
1697 4883 1782 4952 Mel·

1168 5002 1279 5076 Recte
1289 5005 1371 5075 facit
1380 5003 1408 5098 ¹)
1419 5010 1480 5099 qui
1498 5033 1534 5077 se
1544 5010 1661 5100 potius
1669 5012 1955 5082 conferatstudio
1965 5013 2097 5080 doctri-

93 5138 131 5206 s)
149 5145 178 5190 es
193 5136 322 5187 tates-sate
334 5128 527 5184 ostentantia
540 5128 646 5184 Manlio
659 5131 847 5202 praetermis„
859 5141 933 5185 sons.
1103 5129 1170 5175 nae
1180 5103 1392 5179 christianae
1402 5132 1509 5201 quam
1522 5112 1622 5180 alteri
1635 5128 1864 5205 quaestuosae
1875 5114 2098 5204 professioni,

93 5224 126 5292 6)
143 5229 185 5291 ef]
202 5220 289 5274 Manl.
308 5228 368 5275 sut.

94 5312 129 5375 7)
146 5314 198 5374 aa]
216 5307 304 5361 Mani·
322 5315 382 5360 auf·
1140 5324 1167 5391 1)
1187 5321 1260 5379 llaec
1281 5325 1422 5397 responsio
1446 5325 1543 5398 legitur
1561 5306 1641 5379 etiam
1661 5327 1689 5383 io
1705 5329 1768 5383 cod.
1781 5328 1865 5383 Goth.
1878 5330 1939 5384 402.
1960 5350 1986 5398 p.
2000 5328 2098 5401 snb,

95 5397 126 5462 8)
143 5392 237 5450 usal.
253 5394 295 5446 eit
311 5409 351 5449 se.
1174 5393 1220 5447 ubi
1235 5394 1410 5450 inscribitur:
1424 5395 1475 5451 Pa.
1486 5396 1550 5454 Mes.
1559 5397 1760 5452 deotedean'o
1766 5398 1899 5469 filiorum
1912 5409 1939 5452 et
1950 5409 2098 5469 quotenus.

60 5478 247 5545 Messana.
273 5471 379 5541 Orsa.
405 5460 488 5538 Vos.
516 5468 564 5536 X.
721 5568 732 5575 -
1387 5467 1437 5545 45

128 3987 152 4057 ³5
168 3981 428 4054 (cocosates.
445 4001 470 4054 ρ.
482 3982 564 4052 aab.)

1099 2886 1330 2977 sapientiam,
1356 2901 1391 2957 et
1414 2880 1580 2979 paremus
1602 2911 1725 2958 eorum
1741 2889 1875 2959 iudicio
1893 2904 1926 2961 et
1941 2894 2094 2963 auctori·
2219 2977 2225 2987 Ι
