4546 5760
119 122 203 202 ’ΜΒ
260 158 262 162 ⁴
583 120 900 216 ALLOQUIA
951 120 1025 199 ΕΤ
1075 117 1308 199 BREVES
1358 114 1715 221 CONCJONES.
2086 129 2163 204 ⁹34

230 294 382 392 Agimus
400 296 512 390 igitur
532 296 661 390 gratias
685 298 791 369 etiam
817 295 994 369 illustriss.
1008 296 1116 367 Prin·
1138 298 1143 315 ’
1166 292 1379 386 opinionum
1397 317 1438 366 ae
1451 318 1605 382 morum,
1619 307 1655 367 et
1670 294 1818 387 indigne
1831 308 1884 368 est
1898 313 2025 371 natura
2040 294 2159 372 bomi-

126 403 219 499 eipi,
251 399 347 475 Duri
368 400 544 474 Saxoniae
574 399 701 472 loanni
729 398 914 470 Friderico
948 399 1115 486 Electori,
1165 396 1242 484 nis,
1266 410 1301 469 et
1314 394 1392 468 Deo
1406 397 1591 489 displicet,
1616 412 1653 470 et
1678 398 1772 489 parit
1795 399 1959 489 ingentes
1975 402 2157 475 calamita-

124 492 226 603 qnod
250 528 331 579 eum
357 503 531 594 singulari
557 503 687 595 pietate
709 503 908 573 doctrinam
933 502 1115 593 religionis
1168 512 1231 571 tes.
1291 495 1413 591 Quare
1450 502 1693 592 magistratus,
1731 503 1938 593 praesertim
1978 505 2151 594 eruditus,

117 608 279 701 'tueatur
293 619 328 678 et
351 606 449 677 velut
471 601 666 699 hospitium
701 599 905 702 exulanti²)
938 602 1115 676 Ecclesiae
1165 625 1303 672 summa
1317 622 1423 703 curs,
1448 601 1620 693 singulari
1636 603 1787 675 consilio
1802 619 1907 698 atque
1922 619 1997 676 arte
2014 607 2155 680 flectere

115 696 303 806 praebeat.
359 702 543 799 Rogamus
564 704 701 794 Deum,
734 721 774 779 ut
801 707 955 779 vicissim
974 704 1114 777 Princi-
1166 703 1306 775 animos
1321 707 1426 777 debet
1452 709 1496 775 ad
1518 707 1636 797 legum
1651 730 1808 779 amorem
1822 720 1930 802 atque
1944 709 2154 784 admiratio-

115 810 207 911 pem
231 812 350 909 ipsum
373 826 408 883 et
434 805 526 882 hanc
548 810 721 881 ditionem
747 812 915 881 defendat
938 836 977 881 ac
1000 803 1115 881 servet
1167 830 1261 879 nem.
1302 805 1788 899 Haeceumeogito,eteum
1804 811 2154 906 considero,quanta

114 914 371 1013 ,tranquillam
423 909 574 1006 Agimus
609 912 692 984 item
724 915 854 1003 gratias
886 913 1114 985 ornatissimo
1165 908 1269 981 sitin
1286 903 1417 981 scholis
1439 902 1507 980 hoe
1522 925 1682 1003 tempore
1698 911 1917 1004 perturbatio
1933 912 2155 1005 disciplinae,

122 1015 205 1091 viro
234 1017 385 1090 domino
410 1011 589 1102 Antonio,
623 1016 736 1107 legato
766 1016 982 1087 nobilissimi
1004 1015 1114 1107 Regis
1165 1011 1475 1106 quantaliceutia,
1500 1013 1636 1105 ingenti
1651 1014 1774 1085 dolore
1790 1014 1937 1090 allicior.
1988 1015 2043 1088 Ae
2062 1013 2154 1090 mihi

122 1114 297 1213 Augilas,
331 1117 490 1212 cupienti
522 1141 715 1211 propagare
736 1132 770 1189 et
801 1143 929 1189 ornare
951 1114 1115 1210 Evange-
1164 1114 1235 1184 iam
1259 1111 1450 1186 horribiles
1471 1140 1603 1207 poenas
1632 1118 1833 1209 prospicere
1854 1117 1976 1188 animo
2013 1120 2153 1209 videor,

122 1218 229 1311 liuto.
279 1216 422 1294 D'einde
443 1220 580 1313 agimus
599 1221 728 1311 gratias
744 1234 778 1292 et
794 1221 980 1312 magnifico
996 1220 1114 1293 domi·
1165 1215 1297 1311 quibus
1308 1214 1407 1288 Deus
1430 1210 1522 1288 hanc
1544 1220 1803 1291 contumaciam
1818 1221 1954 1312 puniet.
2005 1220 2153 1316 Semper

115 1304 435 1411 ¹no'Vicerectori,
461 1322 667 1395 doctoribus
692 1316 909 1414 theologicae
936 1322 1114 1395 facultatis
1165 1319 1261 1389 enim
1279 1319 1549 1391 dissolutionem
1565 1321 1963 1414 publicamdisciplinae
1979 1322 2018 1393 in
2034 1326 2153 1395 omni-

113 1412 257 1521 ‘postris
270 1418 575 1519 praeceptoribus,
600 1423 729 1495 deiude
745 1442 938 1497 ceterarum
963 1426 1114 1497 faculta—
1164 1422 1230 1493 bus
1245 1419 1456 1514 Rebuspub.
1480 1437 1619 1494 secutae
1645 1438 1729 1496 sunt
1748 1425 1904 1495 exitiales
1925 1427 2151 1504 mutationes.

112 1522 203 1605 'tum
227 1528 392 1600 omnium
413 1529 692 1621 professoribus,
731 1529 957 1599 auditoribus
982 1541 1017 1599 et
1039 1552 1113 1597 ma·
1166 1520 1289 1619 ltaque
1314 1525 1378 1596 etsi
1404 1525 1579 1595 malebam
1602 1521 1661 1596 hic
1685 1528 1731 1596 de
1764 1527 1881 1616 legum
1908 1527 2080 1618 dignitate
2115 1545 2152 1603 et

114 1622 262 1723 gistris,
287 1618 490 1724 hospitibus
507 1657 547 1701 ac
565 1625 801 1716 scholasticis,
829 1644 864 1702 et
880 1631 1030 1722 singulis
1045 1654 1113 1700 no-
1165 1625 1269 1696 taudc
1292 1627 1427 1697 dicere:
1457 1641 1573 1697 tamen
1596 1630 1749 1722 quadam
1771 1628 1809 1696 vi
1826 1628 1962 1700 doloris
1977 1631 2150 1720 adducor,

113 1746 194 1837 pira
217 1732 351 1817 officia,
376 1734 405 1803 si
428 1758 497 1827 qua
523 1734 561 1801 in
588 1758 625 1802 re
645 1745 784 1824 gratum
809 1733 884 1802 fieri
909 1735 958 1802 eis
972 1759 991 1804 a
1007 1733 1112 1803 nobis
1163 1742 1204 1798 ut
1226 1728 1337 1819 magis
1359 1729 1544 1820 deplorare
1565 1743 1698 1800 tantam
1719 1755 1862 1801 morum
1884 1732 2148 1824 corruptionem

115 1816 274 1937 poterit,
301 1835 504 1931 deferimus.
555 1831 651 1905 Dixi.
1163 1853 1280 1920 cogar.
1329 1829 1426 1903 Deos
1447 1831 1524 1902 vult
1543 1855 1609 1903 sno
1630 1834 1740 1904 verbo
1761 1834 1835 1925 regi
1860 1827 2041 1920 homines,
2066 1837 2148 1909 ideo

118 2000 121 2005 ,
493 1984 503 2001 .
870 1985 879 2002 .
997 1987 1005 2005 .
1164 1932 1257 2024 leges
1270 1933 1387 2019 dedit,
1406 1947 1441 2004 et
1456 1927 1642 2006 hominum
1656 1949 1775 2007 coetus
1795 1937 2030 2022 consociavit,
2045 1962 2149 2028 prae-

118 2026 122 2039 '
143 2030 147 2039 '
220 1981 287 2156 ἐι*
303 1982 522 2105 sepiembri⁸
545 2009 640 2054 ³⁰⁰⁰
667 1980 777 2104 ¹⁶³5?
795 1981 915 2055 halma
932 1983 1113 2102 Wm‘m’
1163 2030 1247 2105 lecit
1258 2037 1483 2125 magistratus
1497 2036 1615 2127 legum
1632 2038 1812 2119 custodes,
1829 2039 1968 2109 addidit
1983 2055 2017 2110 et
2025 2037 2148 2110 Evan-

118 2128 122 2133 -
250 2108 351 2177 ergae
375 2111 413 2155 ru
429 2111 501 2157 mer
522 2101 556 2157 et
574 2083 765 2183 Icronymr
782 2082 948 2160 Walters
967 2111 1112 2182 prome-

240 2187 249 2205 .
732 2191 740 2207 .
792 2188 804 2223 ,
1163 2137 1295 2227 gelium
1318 2161 1439 2223 suum,
1465 2162 1505 2208 ae
1521 2139 1709 2230 praecipue
1730 2140 1953 2211 iuventutem
1968 2141 2045 2210 vult
2060 2142 2147 2213 alie-

134 2240 149 2325 J
198 2187 549 2347 ilmenoewfflm
567 2187 784 2281 Thwlwm
813 2189 841 2280 )
1163 2261 1211 2308 no
1244 2238 1378 2311 iudicio
1408 2254 1514 2334 atque
1540 2241 1690 2312 arbitrio
1723 2242 1926 2332 gubernari.
1962 2241 2148 2317 ·lustituit

1164 2335 1320 2425 scholas,
1344 2340 1659 2414 ubiadolescentia
1683 2344 1861 2415 excolatur
1876 2345 2056 2431 doctrina,
2081 2349 2146 2418 ubi

1163 2442 1313 2514 studiosi
1341 2444 1479 2514 discant
1508 2458 1654 2537 propter
1677 2438 1896 2517 voluntatem
1924 2444 2012 2532 Dei,
2044 2461 2147 2523 utet

137 2578 195 2655 No
224 2546 271 2651 1'7
937 2608 986 2647 an.
1007 2588 1091 2650 1537
1162 2567 1237 2614 sese
1251 2558 1287 2617 et
1302 2545 1391 2616 alios
1408 2546 1550 2617 erudire
1565 2547 1720 2638 possint,
1747 2561 1781 2619 et
1797 2563 2006 2620 conservent
2021 2551 2059 2620 in
2076 2565 2145 2622 ter-

115 2628 299 2709 'soa-⁶«
933 2634 1105 2705 εον-ν’
1162 2647 1212 2716 ris
1225 2649 1376 2721 verbum
1393 2645 1480 2729 Dei,
1506 2649 1618 2739 leges,
1642 2662 1678 2719 et
1698 2673 1821 2720 omnes
1840 2663 1931 2721 artes
1957 2654 2049 2723 vitae
2071 2655 2145 2724 uti·

1160 2749 1223 2822 les.
1277 2747 1374 2839 Quid
1399 2746 1467 2821 hoc
1487 2753 1612 2823 ordine
1635 2752 1762 2822 melius
1788 2776 1829 2822 ae
1846 2747 2030 2843 pulchrius
2047 2757 2144 2846 cogi·

1162 2851 1229 2921 tari
1249 2853 1387 2942 potest?
1438 2852 1509 2925 Sed
1531 2856 1575 2923 ad
1603 2849 1696 2924 hane
1721 2854 1912 2944 imaginem
1945 2874 2145 2948 comparate

119 2960 253 3036 οτηερ
284 2962 457 3033 Rectam
487 2954 602 3030 Acad.
633 2956 759 3032 Witeb,
797 2967 887 3033 ante
915 2960 1110 3036 lectionem
1161 2976 1292 3046 quaeso
1309 2949 1450 3024 scholas
1463 2949 1569 3025 huius
1583 2956 1714 3026 aetatis.
1765 2954 1959 3050 Nunquam
1977 2959 2143 3032 iuventus

425 3069 675 3152 statutorum,
704 3059 815 3137 1537.
1161 3069 1232 3126 tam
1254 3056 1442 3148 impatiens
1464 3058 1582 3148 legum
1607 3070 1641 3127 et
1655 3058 1862 3148 disciplinae
1886 3058 1972 3145 fuit,
1998 3085 2143 3151 prorsus

1160 3180 1224 3227 suo
1248 3157 1414 3244 arbitrio,
1438 3183 1512 3230 non
1534 3160 1674 3244 alieno,
1700 3160 1777 3229 vult
1800 3160 1930 3235 vivere.
1983 3161 2142 3234 Verbum

1158 3257 1226 3329 Dei
1243 3273 1276 3330 et
1291 3261 1384 3349 leges
1398 3262 1515 3331 surdis
1532 3262 1678 3332 auribus
1692 3263 1854 3333 audiunt.
1889 3260 1971 3333 Non
1988 3265 2143 3355 cogitant

1160 3362 1401 3452 magistratum
1419 3363 1591 3434 divinitus
1606 3364 1691 3455 ipsis
1714 3365 1920 3456 impositum
1937 3390 2021 3441 esse.
2074 3367 2143 3440 So-

1158 3464 1269 3534 lidam
1292 3477 1328 3534 et
1349 3464 1522 3556 integram
1554 3466 1754 3536 doctrinam
1780 3469 2062 3562 quotusquisque
2082 3495 2142 3539 ex-

1159 3566 1268 3657 petit?
1319 3565 1474 3655 Quidam
1511 3571 1704 3660 deeerpunt
1737 3569 1873 3662 aliquid
1915 3594 1956 3638 ex
1995 3572 2143 3658 artibus,

191 2797 224 2855 ln
236 2788 399 2869 Queution.
416 2797 449 2851 ab
463 2796 553 2851 Ebero
569 2798 650 2852 editis
662 2817 689 2870 p.
702 2797 750 2854 167
760 2795 776 2841 b
788 2816 848 2871 sqq.

116 3197 214 3287 Non
238 3223 291 3282 est
313 3212 465 3281 obseura
488 3233 609 3295 causa,
635 3235 745 3305 quare
760 3211 962 3284 institutum
978 3215 1043 3299 sit,
1067 3229 1108 3286 ut

119 3313 262 3408 saepius
285 3314 481 3384 recitentur
505 3309 717 3384 Academiae
737 3315 841 3404 leges
899 3313 1105 3388 Curandum

119 3430 176 3489 est
199 3416 314 3502 enim,
338 3410 473 3495 uthis,
499 3417 562 3508 qui
584 3430 687 3487 antea
705 3414 784 3486 'non
808 3417 1022 3491 audiverunt
1038 3444 1107 3508 eas,

117 3531 229 3591 notae
248 3518 356 3605 fiant,
387 3540 433 3587 ne
455 3518 519 3611 qui
541 3519 709 3590 labantur
731 3518 943 3610 ignorantia.
993 3518 1040 3592 Et
1067 3524 1106 3592 in

120 3621 518 3795 ffgffilfnofflffi’e
537 3622 1106 3812 ἷὲἑεξῃεὲἷεωῃίὲῖξῗΝἶῗῧῐῑιὶῑέἒὲ
1157 3669 1251 3761 quod
1275 3670 1526 3762 adquaestum
1551 3685 1669 3760 Postea
1692 3672 1895 3755 emiserant,
1920 3672 1982 3741 alii
1997 3697 2142 3767 prorsus

1050 3830 1058 3847 ‚
1157 3765 1251 3839 nihil
1268 3771 1421 3844 discunt.
1472 3767 1545 3846 Vix
1560 3772 1625 3843 ulli
1642 3774 1814 3864 cogitant,
1840 3797 1901 3844 sua
1919 3776 2036 3845 studia
2058 3800 2141 3869 per-

119 3840 213 3908 ime
238 3826 282 3896 ἃ*
300 3825 507 3917 dl⁸⁰ip¹i¹¹⁸’
541 3837 574 3894 ⁰¹
596 3826 641 3893 d‘
664 3827 887 3910 ⁰b²dle¹¹¹i⁸’
914 3851 1020 3922 ΨΜ
1048 3855 1104 3900 '¹¹'
1156 3872 1270 3943 tinere
1285 3874 1329 3943 ad
1349 3874 1498 3964 gloriam
1513 3874 1598 3960 Dei,
1624 3878 1667 3945 ad
1684 3872 1899 3960 Ecclesiam,
1925 3879 1970 3946 ad
1992 3880 2142 3969 posteri-

120 3942 250 4000 *πω*
269 3927 375 3997 debet
394 3927 531 4018 legibus
554 3940 699 4018 pmpm
721 3924 852 4000 Deum
908 3926 976 4001 Ea
1009 3932 1104 4050 enim
1157 3988 1276 4046 tatem.
1327 3973 1659 4067 Haec'negligeutia
1682 4001 1761 4046 cum
1785 4002 1848 4068 per
1873 4000 1947 4047 sese
1969 3980 2015 4049 sit
2034 4004 2141 4070 grave

120 4031 237 4124 Vim
251 4030 383 4114 ”irunt
410 4025 560 4148 ⁰¹‚h²¹²d
583 4030 692 4100 dubie
713 4031 834 4102 Μή*
858 4033 1105 4141 θιὶὸωωιμ
1156 4077 1351 4167 flagitium,
1376 4092 1493 4148 tamen
1515 4077 1627 4169 gignit
1651 4079 1719 4147 alia
1744 4091 1883 4167 peccata
1904 4080 2027 4170 plura,
2055 4084 2140 4176 quia

119 4146 262 4219 tumme
278 4146 580 4222 -²⁰V⁸¹'⁰¹¹²¹³⁰'3³
600 4133 704 4222 ¹⁰3²&
754 4131 875 4223 Qum
899 4131 983 4206 hm
1003 4160 1101 4228 ΡΜ
1158 4179 1275 4249 ocium
1301 4180 1396 4271 parit
1421 4180 1522 4252 vicia.
1579 4174 1710 4251 Schola
1740 4181 1891 4252 debebat
1924 4182 2039 4273 imago
2067 4207 2141 4254 esse

121 4235 226 4355 ‘spui
254 4258 338 4307 ⁰⁰³³
369 4235 532 4305 munium
560 4232 863 4356 Magistratuum'.
883 4239 1105 4331 maximeque
1158 4276 1518 4364 eoelestisEcelesiae,
1544 4283 1627 4376 qnia
1643 4282 1693 4351 ibi
1709 4297 1838 4354 sonant
1855 4284 2041 4376 praecipue
2059 4310 2140 4355 ver·

120 4339 343 4410 eruditorum
369 4360 442 4406 esse
458 4337 580 4417 debet,
607 4344 647 4407 ut
671 4340 830 4409 assuebat
853 4355 1017 4413 iuventus
1038 4337 1105 4413 ho·
1156 4385 1242 4453 bum
1265 4381 1335 4454 Dei
1359 4397 1392 4453 et
1414 4385 1515 4473 leges·
1568 4382 1610 4454 ln
1632 4381 1751 4456 schola
1767 4384 2139 4459 sumsemimriaEe·

119 4440 267 4562 ⁰9⁶5oe
281 4438 412 4557 milite
433 4441 477 4509 de
499 4440 656 4530 legibu‘l
680 4442 724 4559 di
751 4441 925 4532 imperi⁰²
943 4445 987 4513 de
1003 4459 1106 4563 ΨΜ
1158 4486 1283 4555 clesiae
1308 4499 1342 4556 et
1361 4483 1607 4575 Imperiorum.
1666 4486 1785 4576 Quare
1811 4486 1944 4579 optima
1967 4491 2139 4577 doctrina,

119 4554 530 4632 ritatemagrstratuum.
589 4539 679 4611 Nam
706 4556 871 4613 iuventus
895 4546 1106 4616 naturaliter

120 4645 200 4718 odit
223 4645 341 4735 legum
359 4644 520 4724 vincula,
547 4657 580 4713 et
606 4645 832 4738 quorundam
856 4660 951 4717 tauta
975 4662 1026 4719 est
1052 4649 1106 4718 fe-

120 4748 237 4831 rocia,
249 4760 289 4817 ut
303 4748 482 4841 quandam
499 4745 721 4818 fortitudinis
736 4747 876 4817 laudem
891 4771 965 4818 esse
975 4752 1107 4823 ducant

120 4863 364 4941 contemptum
383 4849 500 4939 legum
522 4862 557 4918 et
577 4849 728 4941 imperii.
781 4847 878 4921 Haec
905 4850 1106 4925 immanitas

1157 4587 1300 4679 optimis
1330 4587 1489 4658 moribus
1518 4590 1694 4658 assuefieri
1717 4589 1938 4660 iuventutem
1969 4594 2138 4683 oportuit,

1157 4704 1197 4760 ut
1210 4690 1247 4758 in
1263 4686 1417 4759 Ecclesia
1435 4690 1614 4760 illustrare
1633 4691 1782 4781 gloriam
1796 4689 1885 4775 Dei,
1910 4693 1997 4762 etin
2013 4692 2137 4787 Repu-

1158 4792 1249 4862 blica
1271 4791 1361 4862 tueri
1384 4806 1590 4863 ornamenta
1615 4788 1791 4864 humanae
1812 4795 1986 4866 societatis
2009 4813 2137 4888 posset,

1160 4894 1312 4975 iudicia,
1345 4887 1513 4965 honestos
1545 4919 1679 4981 mores,
1718 4920 1855 4987 pacem,
1890 4899 2137 4970 educationem

122 5015 337 5034 -··-···
1159 5009 1263 5089 atque
1277 4995 1536 5067 institutionem
1545 4997 1818 5073 tadolescentiae.
1869 4994 1926 5069 Ad
1946 4996 2139 5073 bastantes

155 5097 187 5164 ἲ)
208 5092 439 5152 0⁰d·'0b·b³be¹
453 5095 610 5157 exossaret,
627 5111 657 5146 0¹
670 5095 780 5152 mando.
1158 5121 1215 5168 res
1238 5100 1440 5190 praeparari
1463 5123 1525 5170 vos
1545 5097 1642 5171 Dens
1663 5101 1701 5169 in
1726 5096 1855 5171 scholis
1881 5101 2004 5176 voluit.
2055 5102 2137 5175 Non

154 5180 578 5306 ⁸t¹M·rs³r¹·†e³e¹¹¹,gg¹²
602 5182 1008 5302 qaangrmr..a.a...·.„
1038 5185 1107 5241 ⁶²²·
1161 5200 1288 5290 degitis
1310 5200 1448 5292 privato
1472 5203 1619 5271 consitio
1643 5204 1681 5271 in
1696 5199 1913 5286 academiis,
1939 5207 1998 5275 sed
2014 5198 2135 5277 aivins

203 5269 280 5305 erum
293 5269 361 5304 samu
387 5267 450 5303 cum
512 5265 595 5301 eero
629 5266 714 5300 onore
758 5255 1041 5328 octorn'l’beolograe
1058 5274 1106 5310 or·

189 5329 319 5375 natusest
334 5318 491 5387 Medium,
510 5317 576 5388 Sup.
592 5317 837 5390 Naumburgensis.
1156 5301 1359 5389 vocallone,
1384 5318 1416 5374 el
1440 5301 1674 5398 Reipublicae
1689 5305 1933 5392 οῐᾶἰηῧίίθῐὶθ,
1961 5306 2043 5402 quia
2061 5324 2137 5382 Slu-

1224 5397 1301 5473 59*
