4546 5760
104 180 154 251 os
268 171 725 261 uersrocauou,
765 161 1139 246 mormorion
1176 161 1252 237 nr
1287 122 1685 246 someronou
1733 116 1969 246 uruxrv.
2064 160 2136 240 100

101 345 167 417 No.
184 343 295 417 7093.

108 439 279 471 Μ

360 542 522 650 (Ratio
549 540 837 639 studiorum.)

172 709 194 778 †
214 706 253 758 Ex
268 705 424 778 apographo
439 706 466 757 iu
481 706 543 757 cod.
557 703 668 756 Mense.
681 700 724 755 89.
748 701 801 757 No.
817 698 862 751 vt.
882 715 907 768 p.
921 697 966 751 69.

104 859 224 936 Ratio
251 859 459 934 studiorum
493 859 721 958 praescripta
758 852 971 929 Andreae
1008 847 1094 921 Po—

290 960 397 1034 lono
422 989 446 1034 u
464 956 642 1058 Philippo
656 957 913 1031 Meloutlsoue.

106 1104 184 1185 Die
206 1117 329 1187 Lunae
355 1131 389 1189 et
405 1116 533 1188 Martis
555 1139 660 1184 mane
682 1136 827 1204 surgens
853 1111 957 1200 legito
983 1130 1095 1177 unum

109 1235 213 1309 caput
228 1221 353 1290 veteris
371 1220 582 1303 testamenti,
609 1231 643 1287 et
658 1218 784 1286 ordine
800 1227 912 1285 textus
926 1213 1030 1300 legas,
1057 1221 1098 1278 ιιι

108 1322 232 1389 seriem
255 1317 427 1392 historiae
438 1335 531 1391 recte
548 1323 681 1403 discas,
716 1333 751 1388 et
770 1320 845 1408 ipsa
864 1318 970 1384 verba
985 1324 1097 1382 textus

106 1425 196 1493 liant
214 1422 280 1493 tibi
302 1424 502 1496 familiaria.
560 1421 685 1492 Postea
711 1417 796 1488 hora
822 1420 867 1489 sit
891 1417 949 1485 die
974 1414 1097 1485 Lunae

108 1524 338 1615 epistolarum
357 1524 540 1597 Ciceronis
557 1536 617 1593 aut
634 1519 871 1603 Orationum,
897 1519 955 1589 die
970 1513 1098 1585 Martis

111 1622 275 1695 Terentii
306 1642 366 1697 aut
389 1629 563 1696 iucundae
587 1626 748 1693 lectionis
773 1648 812 1691 ex
836 1622 905 1690 alio
927 1618 1097 1709 scriptore

63 1718 68 1729 ’
107 1729 317 1818 profuturae
345 1731 390 1800 ad
419 1728 671 1823 eloquentiam.
738 1724 931 1817 Reliquum
960 1735 1098 1810 tempus

109 1831 430 1901 antemeridianum
454 1831 603 1900 tribuito
628 1828 842 1898 lectionibus
859 1820 945 1898 Viti
966 1835 999 1892 et
1021 1822 1097 1890 dia-

108 1931 253 2005 lecticis.
306 1932 391 2002 Post
411 1932 593 2001 meridiem
618 1931 739 2000 audito
756 1929 889 1998 librum
906 1931 949 1995 de
967 1924 1097 1994 Anima

111 2048 145 2101 et
169 2032 357 2127 Ebraicam
380 2031 669 2103 Grammaticam.
742 2029 935 2122 Reliquum
960 2043 1098 2115 tempus

109 2137 258 2205 tribuito
282 2138 369 2205 alias
392 2134 555 2204 exercitio
574 2135 675 2228 styli,
711 2132 798 2200 alias
818 2131 1016 2222 cuicunque
1043 2127 1098 2194 iu-

112 2243 246 2305 cundae
263 2238 406 2308 lectioni
425 2261 602 2308 novorum
621 2249 682 2305 aut
698 2249 857 2304 veterum
874 2232 1097 2322 scriptorum.

213 2387 317 2458 Diem
327 2389 497 2460 Mercurii
512 2403 625 2460 totum
639 2386 788 2459 tribuito
804 2409 944 2476 graecae
957 2384 1100 2474 linguae

111 2505 144 2560 et
161 2486 295 2561 ethicis.
340 2491 413 2564 Nec
429 2493 669 2584 superstitiose
686 2485 744 2558 lric
761 2491 850 2558 ordo
870 2486 1099 2575 intelligatur,

45 2632 50 2638 ·
112 2594 172 2661 sed
194 2594 407 2666 misceantur
427 2595 603 2665 iucundae
627 2591 794 2662 lectiones
818 2590 873 2657 vel
895 2588 976 2681 styli
1001 2610 1099 2656 exer-

180 2855 262 2910 !tliod
279 2872 389 2911 carmen
404 2854 507 2910 ibidem
521 2851 599 2908 huuc
613 2851 696 2906 ritum
711 2850 748 2905 ita
766 2850 903 2923 depingit:

224 3000 229 3007 .
316 2957 484 3085 e„Sa'slpete
500 2954 610 3013 candidi
622 2953 757 3078 'lppspiteq

315 3043 680 3220 plli'llilll⁸l⁸.il.⁸'

342 3184 420 3238 ospes
437 3174 558 3237 persus.
579 3170 688 3221 sumite.

351 3265 458 3319 Beanus
477 3261 527 3317 iste
545 3261 673 3317 sordidus

315 3334 335 3389 S
355 3332 485 3390 eetandos
502 3329 564 3386 altis
581 3330 722 3391 cornibus,

344 3412 355 3456 t
374 3403 408 3455 sit
427 3417 516 3464 porus
533 3396 722 3466 scholasticus,

313 3468 465 3525 Providerit
482 3468 516 3522 de
532 3467 676 3525 sumtibus.

347 3572 411 3627 Mos
428 3580 483 3634 eet,
499 3571 592 3626 cibum
610 3566 783 3638 magnatibus

312 3640 433 3699 Coudire
451 3638 633 3708 morionibus,
668 3686 670 3691 .

312 3711 371 3765 Nos
388 3708 454 3764 dom
473 3708 598 3763 ioesmor
616 3707 735 3762 crassius

311 3778 398 3833 Bonis
414 3777 559 3833 studemus
577 3775 710 3830 moribus.

346 3882 463 3952 Lignum
481 3879 611 3936 lrieamue
627 3876 783 3938 borridum.

240 3975 251 3985 ·
311 3950 440 4005 Crassum
459 3949 583 4004 dolemus
599 3947 745 4015 rusticum,

310 4020 434 4074 cursum
452 4016 528 4090 quod
546 4027 585 4072 est
603 4014 656 4071 boc
672 4014 821 4083 flectimus,
932 4056 935 4061 .

247 4137 249 4145 ,
310 4089 406 4145 Altum
425 4087 499 4159 qood
518 4083 747 4157 estdeponimus.

350 4188 391 4244 Ut
407 4187 482 4243 bunc
499 4203 601 4241 uorum
617 4201 666 4240 seu
683 4183 800 4240 militem

312 4258 441 4312 Nostrum
459 4256 560 4309 relerre
578 4255 751 4336 irs-ordinem

310 4333 570 4450 amitttat
585 4333 626 4447 ii'.
639 4334 741 4446 tlt..

347 4495 499 4553 Contrariis
517 4495 654 4552 contraris

312 4568 438 4622 Curanda
456 4562 609 4636 plssrmseis
628 4562 710 4631 mels,

309 4638 396 4692 Feros
415 4632 522 4688 Asellus
540 4632 634 4700 esurit,

309 4707 426 4760 Lactuee
443 4702 525 4758 labris
542 4701 679 4758 convenit.

348 4804 404 4860 Ubi
423 4803 558 4874 malignus
575 4802 665 4856 nodus
682 4805 733 4868 est,

310 4872 493 4998 guserendus
510 4889 588 4942 asper
605 4871 697 4954 clerus
715 4877 765 4932 est,

341 4951 353 4996 t
369 4943 436 4997 haec
453 4942 578 4995 dometur
597 4942 682 4995 bestie

311 5011 445 5067 Addeode
463 5010 551 5064 serbis
572 5011 692 5064 serbees.

350 5118 409 5168 Vos
430 5112 540 5167 interim
561 5113 626 5165 dum
644 5108 754 5166 ludicro

313 5183 435 5252 Tempus
451 5181 520 5234 detis
535 5179 705 5252 speetseuto,

315 5253 412 5304 Vultus
428 5268 537 5304 severos
555 5248 660 5320 ponite,

314 5322 442 5376 Fsoeteus
460 5339 583 5375 serenasse
600 5318 710 5374 sumile.

1144 332 1227 401 citia
1243 334 1302 418 ita,
1328 349 1368 404 ut
1382 349 1500 405 tamen
1514 335 1629 406 studia
1646 337 1691 406 ad
1707 337 1862 429 aliquem
1877 350 2012 408 certum
2028 335 2135 402 finem

1146 435 1360 521 referantur,
1387 453 1421 508 et
1444 438 1591 527 cogites,
1618 437 1705 531 quid
1728 439 1815 506 velis
1829 438 1982 533 discere,
2008 436 2136 506 videli-

1145 550 1198 605 cet
1234 533 1413 608 Ecclesiae
1448 541 1666 624 doctrinam,
1709 536 1927 610 Dialecticen
1957 555 1993 609 et
2027 538 2137 608 latine

1145 640 1323 708 scribendi
1346 641 1541 724 rationem,
1570 664 1728 730 graecam
1749 642 1926 730 linguam,
1960 641 2135 731 elementa

1146 741 1286 831 linguae
1301 743 1477 828 ebraieae,
1502 739 1643 813 ethicen
1660 757 1695 813 ει
1710 745 1883 813 elementa
1902 736 2077 836 physices.

1246 860 1316 930 Die
1335 859 1429 931 lovis
1446 874 1481 931 et
1497 859 1646 930 Veneris
1663 884 1767 930 mane
1783 861 1929 951 surgens
1947 860 2055 949 legito
2078 886 2135 930 ca·

1148 975 1210 1051 put
1227 963 1354 1032 veteris
1368 954 1580 1047 testamenti,
1605 976 1764 1054 utsupra
1779 964 1915 1033 dictum
1931 976 1995 1034 est.
2046 959 2136 1030 Pro-

1144 1063 1276 1133 ximam
1301 1060 1424 1133 horam
1447 1065 1596 1134 tribuito
1621 1063 1716 1134 Livii
1742 1065 1899 1137 lectioni.
1949 1061 2019 1134 Die
2041 1060 2136 1132 lovis

1146 1179 1206 1234 ant
1223 1163 1372 1237 Veneris
1391 1164 1533 1254 Virgilii
1559 1181 1619 1237 aut
1636 1163 1781 1254 Ovidii,
1813 1166 1944 1237 deinde
1963 1165 2134 1235 lectiones

1146 1267 1268 1337 audito
1286 1264 1328 1342 V
1325 1266 1372 1336 iti
1384 1281 1417 1338 et
1434 1267 1632 1353 Paulinam,
1652 1263 1739 1340 hora
1757 1268 2001 1361 pomeridiana
2016 1267 2135 1337 ebrai-

1146 1393 1221 1436 cam
1240 1369 1508 1458 grammaticen;
1535 1369 1688 1463 reliquas
1705 1366 1811 1441 horas
1826 1369 1992 1441 iucundis
2007 1369 2134 1461 lectio·

1146 1471 1253 1541 nibus
1268 1485 1330 1542 aut
1344 1472 1511 1542 exercitio
1520 1472 1606 1566 styli
1624 1473 1784 1546 tribuito.
1835 1470 1889 1543 Ac
1901 1472 2019 1562 placet
2032 1465 2134 1550 mihi,

1145 1572 1209 1643 ubi
1227 1575 1381 1663 primum
1397 1574 1512 1658 vales,
1544 1587 1584 1643 ut
1601 1574 1714 1644 discas
1731 1569 1989 1645 arithmeticam
2008 1586 2043 1669 et
2062 1571 2135 1642 ele-

1145 1690 1263 1745 menta
1281 1673 1480 1766 sphaerica,
1507 1700 1567 1745 seu
1584 1675 1748 1766 privatim
1762 1699 1824 1746 seu
1846 1675 2002 1769 publice.
2054 1670 2150 1744 sins

1146 1778 1231 1846 certi
1248 1778 1334 1862 fines
1351 1777 1522 1869 propositi
1540 1779 1579 1846 in
1597 1778 1785 1861 discendo,
1809 1791 2024 1849 nectantum
2039 1788 2083 1846 ut
2097 1776 2134 1844 in

1147 1879 1234 1948 ludo
1250 1893 1396 1969 vagetur
1410 1881 1570 1962 animus,
1596 1882 1656 1950 sed
1674 1903 1800 1970 genera
1816 1880 1947 1950 artium
1970 1878 2134 1948 conside-
2158 1886 2167 1906 ’

1147 1995 1289 2066 rentur,
1314 1997 1410 2052 etex
1435 1982 1484 2050 eis
1504 1982 1706 2071 deligantur
1725 2006 1785 2067 ea,
1818 2004 1908 2075 quae
1935 2003 2134 2050 accommo-

1147 2085 1227 2152 data
1247 2085 1388 2154 suntad
1406 2084 1532 2169 vitam,
1559 2109 1663 2176 quam
1678 2085 1863 2154 instituere
1878 2082 2077 2156 decrevisti.

1248 2198 1353 2271 Diem
1370 2201 1514 2274 Saturni
1531 2217 1565 2272 et
1576 2203 1703 2272 festum
1719 2203 1813 2270 diem
1828 2201 1976 2271 tribuito
1991 2200 2135 2270 lectioni

1147 2297 1328 2394 Epistulae
1349 2304 1392 2373 ad
1415 2301 1598 2377 Romanos
1620 2317 1654 2372 ει
1686 2303 1844 2372 locorum
1875 2303 2133 2378 communium.

1148 2404 1318 2493 Quotidie
1339 2419 1454 2474 autem
1480 2406 1613 2494 vesperi
1638 2406 1751 2474 iturus
1775 2405 1933 2475 cubitum
1949 2403 2058 2493 legito
2076 2430 2133 2475 ca-

1150 2521 1211 2596 put
1239 2508 1322 2574 novi
1341 2504 1558 2575 Testamenti
1582 2521 1617 2576 et
1642 2507 1748 2575 latine
1772 2518 1806 2577 et
1826 2528 1964 2596 graece,
1993 2520 2029 2575 et
2049 2531 2132 2597 pro-

1148 2609 1331 2699 prietatem
1355 2610 1545 2678 verborum
1568 2607 1738 2676 mediocri
1758 2607 1943 2696 diligentia
1972 2609 2134 2679 conside-

1149 2723 1237 2780 rato.
1299 2707 1349 2779 lta
1375 2709 1526 2779 multum
1551 2723 1584 2779 et
1607 2709 1645 2778 in
1666 2709 1827 2778 doctrina
1851 2705 2030 2779 Ecclesiae
2051 2735 2134 2802 pro-

1148 2813 1261 2895 ficies,
1287 2812 1374 2880 etin
1392 2811 1532 2900 linguae
1550 2833 1691 2900 graecae
1709 2810 1920 2900 cognitione.

1250 2927 1293 2999 ln
1317 2929 1512 2999 scribendis
1533 2928 1689 3020 epistolis
1713 2928 1854 2998 imitare
1876 2941 2029 2998 veterem
2051 2931 2134 3002 lati-

1150 3055 1233 3099 nam
1254 3032 1565 3110 consuetudinem,
1598 3054 1662 3100 nec
1685 3053 1825 3123 semper
1843 3032 1891 3101 ita
1915 3030 2070 3117 scribas,
2096 3048 2133 3102 ot

1150 3133 1317 3222 epistolae
1333 3131 1404 3201 sint
1420 3131 1553 3199 similes
1575 3131 1785 3203 concionum
1810 3132 2134 3219 ecclesiasticarum,

1149 3236 1208 3304 sed
1236 3235 1371 3324 potius,
1398 3246 1438 3302 ut
1459 3233 1610 3302 formam
1631 3227 1786 3305 habeant
1798 3233 1987 3304 oratoriam
2005 3248 2042 3305 ει
2055 3259 2135 3305 vere

1150 3335 1390 3426 epistolarem,
1422 3334 1574 3403 similem
1605 3334 1725 3427 aliquo
1757 3337 1863 3405 modo
1894 3331 2136 3423 Ciceronianis

1150 3438 1326 3529 epistolis,
1366 3451 1402 3506 ει
1432 3436 1601 3504 familiari
1631 3437 1806 3522 sermoni,
1845 3439 2136 3508 commemoranti

1151 3541 1322 3630 privatam
1340 3537 1634 3611 benevolentiam.

1936 3633 2005 3714 Ph.
2034 3637 2088 3717 Μ.

1148 4013 1215 4115 iu.
1232 4042 1343 4118 roos.

1149 4139 1359 4174 Μ

1851 4174 1855 4179 .
1957 4141 2128 4176 Μ

1284 4242 1381 4358 (De
1412 4249 1700 4335 imitatione
1723 4249 2007 4364 puerorum)

1078 4482 1083 4491 ,
1200 4387 1237 4490 ἰ·
1254 4423 1292 4477 Es
1306 4440 1400 4496 apogr.
1412 4424 1442 4479 iu
1454 4423 1517 4483 eod.
1531 4423 1615 4482 Goth.
1625 4427 1686 4485 402
1704 4448 1730 4501 p.
1742 4427 1828 4486 etth.

1199 4709 1326 4804 „Ptit
1342 4712 1442 4794 Met.
1462 4714 1506 4790 de
1520 4597 1802 4822 dulffisdssm
1820 4723 2090 4805 lustrandas·
2153 4682 2157 4692 ¹

1148 4841 1220 4930 (Est
1234 4843 1436 4925 ingruentem
1451 4849 1594 4927 epistolae
1611 4848 1648 4910 ed
1669 4852 1801 4912 amicum
1817 4852 1987 4936 quendem
2012 4843 2136 4921 lbrtesse

1148 4942 1231 5008 Goil.
1246 4943 1444 5016 Relffenstein
1458 4951 1566 5029 scripta
1583 4963 1644 5029 est,
1670 4952 1795 5034 quodsi
1816 4976 1920 5018 verum
1941 4971 2037 5037 esset,
2061 4964 2134 5023 sori·

1406 5062 1488 5131 ptum
1502 5064 1638 5132 putarem
1654 5074 1732 5117 euno
1753 5057 1878 5139 1551.)

1146 5177 1291 5286 Opinor
1327 5218 1517 5286 puerorum
1551 5201 1749 5272 doctrinam
1785 5228 1859 5273 non
1893 5228 1966 5274 esse
2003 5230 2132 5297 pareus.

1144 5295 1255 5379 Nam,
1287 5297 1318 5365 si
1348 5322 1420 5368 uon
1449 5300 1574 5388 fallor,
1605 5305 1694 5375 alter
1723 5317 1816 5375 tenet
1846 5307 1915 5376 iam
1944 5328 2128 5404 praecepta
