<?xml version="1.0" encoding="UTF-8"?>
<!DOCTYPE html PUBLIC "-//W3C//DTD XHTML 1.0 Transitional//EN"
    "http://www.w3.org/TR/xhtml1/DTD/xhtml1-transitional.dtd">
<html xmlns="http://www.w3.org/1999/xhtml" xml:lang="en" lang="en">
 <head>
  <title>
</title>
<meta http-equiv="Content-Type" content="text/html;charset=utf-8" />
  <meta name='ocr-system' content='tesseract 3.04.00' />
  <meta name='ocr-capabilities' content='ocr_page ocr_carea ocr_par ocr_line ocrx_word'/>
</head>
<body>
  <div class='ocr_page' id='page_1' title='image "./corpusreformato02melagoog/corpusreformato02melagoog_0426.png"; bbox 0 0 4546 5760; ppageno 0'>
   <div class='ocr_carea' id='block_1_1' title="bbox 111 116 2159 279">
    <p class='ocr_par' dir='ltr' id='par_1_1' title="bbox 111 116 2159 279">
     <span class='ocr_line' id='line_1_1' title="bbox 111 116 2159 279; baseline -0.016 -17"><span class='ocrx_word' id='word_1_1' title='bbox 111 144 241 261; x_wconf 71' lang='lat' dir='ltr'>sss&#39;</span> <span class='ocrx_word' id='word_1_2' title='bbox 684 116 1116 279; x_wconf 79' lang='lat' dir='ltr'>Quaasrtoaas</span> <span class='ocrx_word' id='word_1_3' title='bbox 1168 156 1579 242; x_wconf 80' lang='lat' dir='ltr'>acaoaumau</span> <span class='ocrx_word' id='word_1_4' title='bbox 2083 170 2159 247; x_wconf 67' lang='lat' dir='ltr'>m</span> 
     </span>
    </p>
   </div>
   <div class='ocr_carea' id='block_1_2' title="bbox 114 336 2265 1879">
    <p class='ocr_par' dir='ltr' id='par_1_2' title="bbox 114 336 2265 1879">
     <span class='ocr_line' id='line_1_2' title="bbox 126 336 2159 453; baseline 0 -20"><span class='ocrx_word' id='word_1_5' title='bbox 126 401 131 410; x_wconf 94' lang='lat'>·</span> <span class='ocrx_word' id='word_1_6' title='bbox 195 358 267 433; x_wconf 87' lang='lat' dir='ltr'>Sed</span> <span class='ocrx_word' id='word_1_7' title='bbox 291 371 415 429; x_wconf 87' lang='lat' dir='ltr'>contra</span> <span class='ocrx_word' id='word_1_8' title='bbox 438 354 651 451; x_wconf 73' lang='lat' dir='ltr'>opponitur,</span> <span class='ocrx_word' id='word_1_9' title='bbox 678 355 891 453; x_wconf 78' lang='lat' dir='ltr'><strong>Tyrannum</strong></span> <span class='ocrx_word' id='word_1_10' title='bbox 914 378 987 424; x_wconf 84' lang='lat' dir='ltr'>non</span> <span class='ocrx_word' id='word_1_11' title='bbox 1007 374 1116 446; x_wconf 86' lang='lat' dir='ltr'>quae-</span> <span class='ocrx_word' id='word_1_12' title='bbox 1272 336 1440 434; x_wconf 87' lang='lat' dir='ltr'>Propouo</span> <span class='ocrx_word' id='word_1_13' title='bbox 1454 350 1573 410; x_wconf 86' lang='lat' dir='ltr'>autem</span> <span class='ocrx_word' id='word_1_14' title='bbox 1585 338 1829 436; x_wconf 81' lang='lat' dir='ltr'>quaestionem</span> <span class='ocrx_word' id='word_1_15' title='bbox 1841 343 1886 415; x_wconf 80' lang='lat' dir='ltr'>de</span> <span class='ocrx_word' id='word_1_16' title='bbox 1900 341 2034 417; x_wconf 68' lang='lat' dir='ltr'>Terret</span> <span class='ocrx_word' id='word_1_17' title='bbox 2047 358 2159 433; x_wconf 64' lang='lat' dir='ltr'>“witta</span> 
     </span>
     <span class='ocr_line' id='line_1_3' title="bbox 114 442 2158 555; baseline -0.008 -18"><span class='ocrx_word' id='word_1_18' title='bbox 114 462 244 538; x_wconf 82' lang='lat' dir='ltr'>sivisse</span> <span class='ocrx_word' id='word_1_19' title='bbox 265 460 513 555; x_wconf 79' lang='lat' dir='ltr'>principaliter</span> <span class='ocrx_word' id='word_1_20' title='bbox 537 460 743 550; x_wconf 89' lang='lat' dir='ltr'>pecuniam,</span> <span class='ocrx_word' id='word_1_21' title='bbox 773 459 875 529; x_wconf 89' lang='lat' dir='ltr'>cuius</span> <span class='ocrx_word' id='word_1_22' title='bbox 900 471 1017 528; x_wconf 89' lang='lat' dir='ltr'>custos</span> <span class='ocrx_word' id='word_1_23' title='bbox 1042 466 1117 524; x_wconf 88' lang='lat' dir='ltr'>crat</span> <span class='ocrx_word' id='word_1_24' title='bbox 1168 445 1214 515; x_wconf 79' lang='lat' dir='ltr'>de</span> <span class='ocrx_word' id='word_1_25' title='bbox 1236 465 1306 537; x_wconf 72' lang='lat' dir='ltr'>qut</span> <span class='ocrx_word' id='word_1_26' title='bbox 1327 457 1367 514; x_wconf 79' lang='lat' dir='ltr'>ut</span> <span class='ocrx_word' id='word_1_27' title='bbox 1390 442 1600 534; x_wconf 75' lang='lat' dir='ltr'>cogitarem,</span> <span class='ocrx_word' id='word_1_28' title='bbox 1632 444 1685 515; x_wconf 84' lang='lat' dir='ltr'>rei</span> <span class='ocrx_word' id='word_1_29' title='bbox 1700 444 1889 517; x_wconf 70' lang='lat' dir='ltr'>inusitatae</span> <span class='ocrx_word' id='word_1_30' title='bbox 1908 449 2096 520; x_wconf 85' lang='lat' dir='ltr'>admiratio</span> <span class='ocrx_word' id='word_1_31' title='bbox 2120 451 2158 519; x_wconf 90' lang='lat' dir='ltr'>in</span> 
     </span>
     <span class='ocr_line' id='line_1_4' title="bbox 115 541 2232 653; baseline -0.006 -18"><span class='ocrx_word' id='word_1_32' title='bbox 115 564 355 648; x_wconf 76' lang='lat' dir='ltr'>Laurentius,</span> <span class='ocrx_word' id='word_1_33' title='bbox 378 563 439 632; x_wconf 89' lang='lat' dir='ltr'>sed</span> <span class='ocrx_word' id='word_1_34' title='bbox 460 562 727 653; x_wconf 71' lang='lat' dir='ltr'>oppressionem</span> <span class='ocrx_word' id='word_1_35' title='bbox 744 558 939 644; x_wconf 78' lang='lat' dir='ltr'>Ecclesiae,</span> <span class='ocrx_word' id='word_1_36' title='bbox 965 572 1000 628; x_wconf 80' lang='lat' dir='ltr'>et</span> <span class='ocrx_word' id='word_1_37' title='bbox 1015 578 1118 626; x_wconf 68' lang='lat' dir='ltr'>avec.</span> <span class='ocrx_word' id='word_1_38' title='bbox 1169 557 1359 643; x_wconf 69' lang='lat' dir='ltr'>causaest.</span> <span class='ocrx_word' id='word_1_39' title='bbox 1409 543 1531 615; x_wconf 82' lang='lat' dir='ltr'>Audio</span> <span class='ocrx_word' id='word_1_40' title='bbox 1553 544 1648 613; x_wconf 91' lang='lat' dir='ltr'>enim</span> <span class='ocrx_word' id='word_1_41' title='bbox 1670 541 1735 616; x_wconf 87' lang='lat' dir='ltr'>bac</span> <span class='ocrx_word' id='word_1_42' title='bbox 1759 562 1888 619; x_wconf 75' lang='lat' dir='ltr'>aestate</span> <span class='ocrx_word' id='word_1_43' title='bbox 1911 551 2062 621; x_wconf 80' lang='lat' dir='ltr'>terribili</span> <span class='ocrx_word' id='word_1_44' title='bbox 2087 567 2158 623; x_wconf 89' lang='lat' dir='ltr'>trs-</span> <span class='ocrx_word' id='word_1_45' title='bbox 2230 580 2232 584; x_wconf 88' lang='lat'><em>·</em></span> 
     </span>
     <span class='ocr_line' id='line_1_5' title="bbox 117 651 2159 754; baseline -0.008 -14"><span class='ocrx_word' id='word_1_46' title='bbox 117 667 262 741; x_wconf 88' lang='lat' dir='ltr'>sionem</span> <span class='ocrx_word' id='word_1_47' title='bbox 283 665 392 736; x_wconf 88' lang='lat' dir='ltr'>totius</span> <span class='ocrx_word' id='word_1_48' title='bbox 407 662 621 749; x_wconf 87' lang='lat' dir='ltr'>Ministcrii,</span> <span class='ocrx_word' id='word_1_49' title='bbox 647 676 768 754; x_wconf 86' lang='lat' dir='ltr'>erepta</span> <span class='ocrx_word' id='word_1_50' title='bbox 791 687 829 733; x_wconf 89' lang='lat' dir='ltr'>ea</span> <span class='ocrx_word' id='word_1_51' title='bbox 856 661 1020 751; x_wconf 86' lang='lat' dir='ltr'>pecunia,</span> <span class='ocrx_word' id='word_1_52' title='bbox 1046 680 1117 750; x_wconf 91' lang='lat' dir='ltr'>qua</span> <span class='ocrx_word' id='word_1_53' title='bbox 1171 671 1269 717; x_wconf 77' lang='lat' dir='ltr'>mort</span> <span class='ocrx_word' id='word_1_54' title='bbox 1289 668 1493 716; x_wconf 73' lang='lat' dir='ltr'>t0t¹tu⁸⁸tm</span> <span class='ocrx_word' id='word_1_55' title='bbox 1518 669 1591 716; x_wconf 58' lang='grc' dir='ltr'>θεοῦ</span> <span class='ocrx_word' id='word_1_56' title='bbox 1620 660 1729 718; x_wconf 76' lang='lat' dir='ltr'>totam</span> <span class='ocrx_word' id='word_1_57' title='bbox 1752 672 1850 719; x_wconf 77' lang='lat' dir='ltr'>orem</span> <span class='ocrx_word' id='word_1_58' title='bbox 1876 651 1959 719; x_wconf 81' lang='lat' dir='ltr'>inde</span> <span class='ocrx_word' id='word_1_59' title='bbox 1982 676 2092 746; x_wconf 89' lang='lat' dir='ltr'>usque</span> <span class='ocrx_word' id='word_1_60' title='bbox 2113 655 2159 724; x_wconf 88' lang='lat' dir='ltr'>ab</span> 
     </span>
     <span class='ocr_line' id='line_1_6' title="bbox 119 744 2161 854; baseline -0.01 -9"><span class='ocrx_word' id='word_1_61' title='bbox 119 769 489 845; x_wconf 74' lang='lat' dir='ltr'>elebanturdoceutes</span> <span class='ocrx_word' id='word_1_62' title='bbox 503 778 539 835; x_wconf 88' lang='lat' dir='ltr'>et</span> <span class='ocrx_word' id='word_1_63' title='bbox 558 764 687 835; x_wconf 90' lang='lat' dir='ltr'>caeteri</span> <span class='ocrx_word' id='word_1_64' title='bbox 706 777 847 854; x_wconf 78' lang='lat' dir='ltr'>egentes</span> <span class='ocrx_word' id='word_1_65' title='bbox 862 764 901 832; x_wconf 89' lang='lat' dir='ltr'>in</span> <span class='ocrx_word' id='word_1_66' title='bbox 917 762 978 832; x_wconf 88' lang='lat' dir='ltr'>illa</span> <span class='ocrx_word' id='word_1_67' title='bbox 994 757 1118 831; x_wconf 87' lang='lat' dir='ltr'>Eccle-</span> <span class='ocrx_word' id='word_1_68' title='bbox 1169 747 1340 818; x_wconf 86' lang='lat' dir='ltr'>llarcinia</span> <span class='ocrx_word' id='word_1_69' title='bbox 1361 749 1407 817; x_wconf 91' lang='lat' dir='ltr'>ad</span> <span class='ocrx_word' id='word_1_70' title='bbox 1421 745 1603 818; x_wconf 87' lang='lat' dir='ltr'>Dresdam.</span> <span class='ocrx_word' id='word_1_71' title='bbox 1654 744 1746 819; x_wconf 90' lang='lat' dir='ltr'>Cum</span> <span class='ocrx_word' id='word_1_72' title='bbox 1770 763 1886 823; x_wconf 87' lang='lat' dir='ltr'>autem</span> <span class='ocrx_word' id='word_1_73' title='bbox 1902 748 2037 825; x_wconf 88' lang='lat' dir='ltr'>Medici</span> <span class='ocrx_word' id='word_1_74' title='bbox 2059 780 2161 847; x_wconf 86' lang='lat' dir='ltr'>prae-</span> 
     </span>
     <span class='ocr_line' id='line_1_7' title="bbox 119 848 2161 957; baseline -0.004 -14"><span class='ocrx_word' id='word_1_75' title='bbox 119 871 185 945; x_wconf 82' lang='lat' dir='ltr'>sia.</span> <span class='ocrx_word' id='word_1_76' title='bbox 224 867 311 940; x_wconf 77' lang='lat' dir='ltr'>Fuit</span> <span class='ocrx_word' id='word_1_77' title='bbox 322 867 432 957; x_wconf 78' lang='lat' dir='ltr'>igitur</span> <span class='ocrx_word' id='word_1_78' title='bbox 450 867 487 935; x_wconf 90' lang='lat' dir='ltr'>in</span> <span class='ocrx_word' id='word_1_79' title='bbox 506 866 566 937; x_wconf 87' lang='lat' dir='ltr'>illa</span> <span class='ocrx_word' id='word_1_80' title='bbox 578 866 763 938; x_wconf 86' lang='lat' dir='ltr'>Laurentii</span> <span class='ocrx_word' id='word_1_81' title='bbox 778 865 998 935; x_wconf 88' lang='lat' dir='ltr'>recusatione</span> <span class='ocrx_word' id='word_1_82' title='bbox 1012 862 1118 932; x_wconf 84' lang='lat' dir='ltr'>etiarn</span> <span class='ocrx_word' id='word_1_83' title='bbox 1170 852 1273 945; x_wconf 63' lang='lat' dir='ltr'>cipue</span> <span class='ocrx_word' id='word_1_84' title='bbox 1296 849 1335 919; x_wconf 89' lang='lat' dir='ltr'>in</span> <span class='ocrx_word' id='word_1_85' title='bbox 1354 848 1639 919; x_wconf 65' lang='lat' dir='ltr'>t⁰n⁸idtftii⁰nt</span> <span class='ocrx_word' id='word_1_86' title='bbox 1660 864 1807 921; x_wconf 64' lang='lat' dir='ltr'>natutae</span> <span class='ocrx_word' id='word_1_87' title='bbox 1823 867 2029 936; x_wconf 61' lang='lat' dir='ltr'>vertentur,</span> <span class='ocrx_word' id='word_1_88' title='bbox 2053 871 2088 927; x_wconf 72' lang='lat' dir='ltr'>ei</span> <span class='ocrx_word' id='word_1_89' title='bbox 2103 883 2161 928; x_wconf 76' lang='lat' dir='ltr'>re-</span> 
     </span>
     <span class='ocr_line' id='line_1_8' title="bbox 120 946 2160 1056; baseline -0.011 -12"><span class='ocrx_word' id='word_1_90' title='bbox 120 996 226 1044; x_wconf 85' lang='lat' dir='ltr'>casus</span> <span class='ocrx_word' id='word_1_91' title='bbox 247 969 487 1041; x_wconf 84' lang='lat' dir='ltr'>confessionis.</span> <span class='ocrx_word' id='word_1_92' title='bbox 547 967 638 1038; x_wconf 89' lang='lat' dir='ltr'>Nam</span> <span class='ocrx_word' id='word_1_93' title='bbox 661 969 690 1039; x_wconf 88' lang='lat' dir='ltr'>si</span> <span class='ocrx_word' id='word_1_94' title='bbox 712 967 915 1039; x_wconf 79' lang='lat' dir='ltr'>tradidisset</span> <span class='ocrx_word' id='word_1_95' title='bbox 944 966 1117 1056; x_wconf 86' lang='lat' dir='ltr'>praefecto</span> <span class='ocrx_word' id='word_1_96' title='bbox 1171 976 1254 1022; x_wconf 79' lang='lat' dir='ltr'>cens</span> <span class='ocrx_word' id='word_1_97' title='bbox 1268 951 1312 1022; x_wconf 85' lang='lat' dir='ltr'>sit</span> <span class='ocrx_word' id='word_1_98' title='bbox 1327 946 1394 1020; x_wconf 89' lang='lat' dir='ltr'>hoc</span> <span class='ocrx_word' id='word_1_99' title='bbox 1409 951 1623 1043; x_wconf 79' lang='lat' dir='ltr'>prodigium,</span> <span class='ocrx_word' id='word_1_100' title='bbox 1641 955 1761 1022; x_wconf 90' lang='lat' dir='ltr'>censui</span> <span class='ocrx_word' id='word_1_101' title='bbox 1777 956 2068 1044; x_wconf 72' lang='lat' dir='ltr'>interrogandum</span> <span class='ocrx_word' id='word_1_102' title='bbox 2087 980 2160 1029; x_wconf 71' lang='lat' dir='ltr'>esse</span> 
     </span>
     <span class='ocr_line' id='line_1_9' title="bbox 120 1049 2165 1160; baseline -0.012 -14"><span class='ocrx_word' id='word_1_103' title='bbox 120 1073 327 1146; x_wconf 88' lang='lat' dir='ltr'>reconditos</span> <span class='ocrx_word' id='word_1_104' title='bbox 340 1066 525 1143; x_wconf 85' lang='lat' dir='ltr'>thesauros</span> <span class='ocrx_word' id='word_1_105' title='bbox 541 1066 737 1150; x_wconf 73' lang='lat' dir='ltr'>Ecclesiae,</span> <span class='ocrx_word' id='word_1_106' title='bbox 764 1069 981 1160; x_wconf 80' lang='lat' dir='ltr'>praebuisset</span> <span class='ocrx_word' id='word_1_107' title='bbox 1001 1066 1120 1135; x_wconf 86' lang='lat' dir='ltr'>effica-</span> <span class='ocrx_word' id='word_1_108' title='bbox 1172 1050 1268 1124; x_wconf 79' lang='lat' dir='ltr'>hunc</span> <span class='ocrx_word' id='word_1_109' title='bbox 1291 1076 1426 1122; x_wconf 83' lang='lat' dir='ltr'>novum</span> <span class='ocrx_word' id='word_1_110' title='bbox 1447 1051 1654 1123; x_wconf 80' lang='lat' dir='ltr'>Ductorem:</span> <span class='ocrx_word' id='word_1_111' title='bbox 1690 1052 1749 1123; x_wconf 82' lang='lat' dir='ltr'>An</span> <span class='ocrx_word' id='word_1_112' title='bbox 1778 1049 2002 1152; x_wconf 79' lang='lat' dir='ltr'>sufficientes</span> <span class='ocrx_word' id='word_1_113' title='bbox 2025 1082 2165 1131; x_wconf 67' lang='lat' dir='ltr'>causae</span> 
     </span>
     <span class='ocr_line' id='line_1_10' title="bbox 123 1149 2162 1263; baseline -0.008 -15"><span class='ocrx_word' id='word_1_114' title='bbox 123 1200 203 1249; x_wconf 87' lang='lat' dir='ltr'>cem</span> <span class='ocrx_word' id='word_1_115' title='bbox 232 1197 372 1245; x_wconf 64' lang='lat' dir='ltr'>cauum</span> <span class='ocrx_word' id='word_1_116' title='bbox 404 1173 550 1243; x_wconf 89' lang='lat' dir='ltr'>delendi</span> <span class='ocrx_word' id='word_1_117' title='bbox 580 1173 815 1263; x_wconf 73' lang='lat' dir='ltr'>cuiatisterium</span> <span class='ocrx_word' id='word_1_118' title='bbox 847 1168 1053 1260; x_wconf 73' lang='lat' dir='ltr'>Evangelii,</span> <span class='ocrx_word' id='word_1_119' title='bbox 1086 1179 1121 1235; x_wconf 92' lang='lat' dir='ltr'>ct</span> <span class='ocrx_word' id='word_1_120' title='bbox 1171 1164 1290 1225; x_wconf 71' lang='lat' dir='ltr'>letrae</span> <span class='ocrx_word' id='word_1_121' title='bbox 1304 1164 1468 1224; x_wconf 74' lang='lat' dir='ltr'>motuum</span> <span class='ocrx_word' id='word_1_122' title='bbox 1481 1149 1627 1224; x_wconf 76' lang='lat' dir='ltr'>ostendi</span> <span class='ocrx_word' id='word_1_123' title='bbox 1636 1155 1791 1249; x_wconf 81' lang='lat' dir='ltr'>possint,</span> <span class='ocrx_word' id='word_1_124' title='bbox 1806 1167 1838 1224; x_wconf 81' lang='lat' dir='ltr'>st</span> <span class='ocrx_word' id='word_1_125' title='bbox 1850 1181 1901 1226; x_wconf 84' lang='lat' dir='ltr'>an</span> <span class='ocrx_word' id='word_1_126' title='bbox 1917 1154 2032 1228; x_wconf 80' lang='lat' dir='ltr'>aliud</span> <span class='ocrx_word' id='word_1_127' title='bbox 2041 1161 2162 1254; x_wconf 73' lang='lat' dir='ltr'>signi·</span> 
     </span>
     <span class='ocr_line' id='line_1_11' title="bbox 122 1250 2162 1363; baseline -0.009 -10"><span class='ocrx_word' id='word_1_128' title='bbox 122 1276 363 1353; x_wconf 76' lang='lat' dir='ltr'>confirmandi</span> <span class='ocrx_word' id='word_1_129' title='bbox 380 1275 494 1344; x_wconf 91' lang='lat' dir='ltr'>cultus</span> <span class='ocrx_word' id='word_1_130' title='bbox 510 1275 710 1357; x_wconf 90' lang='lat' dir='ltr'>idolorum,</span> <span class='ocrx_word' id='word_1_131' title='bbox 737 1274 848 1363; x_wconf 91' lang='lat' dir='ltr'>pulsis</span> <span class='ocrx_word' id='word_1_132' title='bbox 868 1285 930 1342; x_wconf 90' lang='lat' dir='ltr'>aut</span> <span class='ocrx_word' id='word_1_133' title='bbox 951 1273 1043 1340; x_wconf 86' lang='lat' dir='ltr'>lame</span> <span class='ocrx_word' id='word_1_134' title='bbox 1056 1293 1121 1336; x_wconf 88' lang='lat' dir='ltr'>ne-</span> <span class='ocrx_word' id='word_1_135' title='bbox 1161 1252 1289 1351; x_wconf 84' lang='lat' dir='ltr'>ficcut,</span> <span class='ocrx_word' id='word_1_136' title='bbox 1313 1264 1458 1351; x_wconf 83' lang='lat' dir='ltr'>practer</span> <span class='ocrx_word' id='word_1_137' title='bbox 1474 1250 1620 1359; x_wconf 73' lang='lat' dir='ltr'>affectem</span> <span class='ocrx_word' id='word_1_138' title='bbox 1633 1251 1840 1350; x_wconf 81' lang='lat' dir='ltr'>Physicos?</span> <span class='ocrx_word' id='word_1_139' title='bbox 1868 1259 1958 1330; x_wconf 88' lang='lat' dir='ltr'>Nam</span> <span class='ocrx_word' id='word_1_140' title='bbox 1976 1266 2021 1331; x_wconf 90' lang='lat' dir='ltr'>de</span> <span class='ocrx_word' id='word_1_141' title='bbox 2035 1266 2162 1335; x_wconf 85' lang='lat' dir='ltr'>ellectu</span> 
     </span>
     <span class='ocr_line' id='line_1_12' title="bbox 122 1355 2163 1470; baseline -0.008 -17"><span class='ocrx_word' id='word_1_142' title='bbox 122 1379 215 1453; x_wconf 84' lang='lat' dir='ltr'>catis</span> <span class='ocrx_word' id='word_1_143' title='bbox 230 1378 299 1470; x_wconf 91' lang='lat' dir='ltr'>piis</span> <span class='ocrx_word' id='word_1_144' title='bbox 311 1376 518 1447; x_wconf 86' lang='lat' dir='ltr'>doctoribus</span> <span class='ocrx_word' id='word_1_145' title='bbox 529 1390 567 1446; x_wconf 90' lang='lat' dir='ltr'>et</span> <span class='ocrx_word' id='word_1_146' title='bbox 579 1366 752 1446; x_wconf 74' lang='lat' dir='ltr'>ministris</span> <span class='ocrx_word' id='word_1_147' title='bbox 766 1371 955 1444; x_wconf 87' lang='lat' dir='ltr'>Ecclesiae.</span> <span class='ocrx_word' id='word_1_148' title='bbox 989 1370 1039 1443; x_wconf 89' lang='lat' dir='ltr'>Ut</span> <span class='ocrx_word' id='word_1_149' title='bbox 1052 1369 1121 1459; x_wconf 80' lang='lat' dir='ltr'>igi·</span> <span class='ocrx_word' id='word_1_150' title='bbox 1173 1355 1324 1455; x_wconf 80' lang='lat' dir='ltr'>Physico</span> <span class='ocrx_word' id='word_1_151' title='bbox 1347 1359 1465 1451; x_wconf 84' lang='lat' dir='ltr'>idquit</span> <span class='ocrx_word' id='word_1_152' title='bbox 1480 1361 1632 1428; x_wconf 79' lang='lat' dir='ltr'>Seneca:</span> <span class='ocrx_word' id='word_1_153' title='bbox 1664 1357 1798 1430; x_wconf 80' lang='lat' dir='ltr'>&#39;l&#39;errae</span> <span class='ocrx_word' id='word_1_154' title='bbox 1817 1374 1933 1432; x_wconf 88' lang='lat' dir='ltr'>motus</span> <span class='ocrx_word' id='word_1_155' title='bbox 1948 1364 2088 1436; x_wconf 76' lang='lat' dir='ltr'>adferre</span> <span class='ocrx_word' id='word_1_156' title='bbox 2106 1368 2163 1437; x_wconf 91' lang='lat' dir='ltr'>di-</span> 
     </span>
     <span class='ocr_line' id='line_1_13' title="bbox 124 1454 2162 1561; baseline -0.006 -8"><span class='ocrx_word' id='word_1_157' title='bbox 124 1496 188 1554; x_wconf 93' lang='lat' dir='ltr'>tur</span> <span class='ocrx_word' id='word_1_158' title='bbox 200 1480 420 1561; x_wconf 84' lang='lat' dir='ltr'>ostenderet,</span> <span class='ocrx_word' id='word_1_159' title='bbox 446 1501 482 1548; x_wconf 88' lang='lat' dir='ltr'>se</span> <span class='ocrx_word' id='word_1_160' title='bbox 501 1478 619 1548; x_wconf 91' lang='lat' dir='ltr'>cultus</span> <span class='ocrx_word' id='word_1_161' title='bbox 639 1479 819 1549; x_wconf 91' lang='lat' dir='ltr'>idolorum</span> <span class='ocrx_word' id='word_1_162' title='bbox 837 1478 929 1547; x_wconf 89' lang='lat' dir='ltr'>serio</span> <span class='ocrx_word' id='word_1_163' title='bbox 944 1472 1120 1559; x_wconf 89' lang='lat' dir='ltr'>detestari,</span> <span class='ocrx_word' id='word_1_164' title='bbox 1173 1486 1248 1532; x_wconf 89' lang='lat' dir='ltr'>ram</span> <span class='ocrx_word' id='word_1_165' title='bbox 1265 1462 1360 1530; x_wconf 88' lang='lat' dir='ltr'>luem</span> <span class='ocrx_word' id='word_1_166' title='bbox 1376 1461 1573 1551; x_wconf 84' lang='lat' dir='ltr'>pecudibus</span> <span class='ocrx_word' id='word_1_167' title='bbox 1589 1473 1622 1530; x_wconf 90' lang='lat' dir='ltr'>et</span> <span class='ocrx_word' id='word_1_168' title='bbox 1639 1454 1855 1533; x_wconf 88' lang='lat' dir='ltr'>hominibus.</span> <span class='ocrx_word' id='word_1_169' title='bbox 1909 1462 1997 1535; x_wconf 87' lang='lat' dir='ltr'>Eius</span> <span class='ocrx_word' id='word_1_170' title='bbox 2018 1468 2162 1541; x_wconf 79' lang='lat' dir='ltr'>effectus</span> 
     </span>
     <span class='ocr_line' id='line_1_14' title="bbox 127 1563 2162 1671; baseline -0.007 -16"><span class='ocrx_word' id='word_1_171' title='bbox 127 1595 163 1655; x_wconf 88' lang='lat' dir='ltr'>et</span> <span class='ocrx_word' id='word_1_172' title='bbox 179 1581 416 1652; x_wconf 89' lang='lat' dir='ltr'>ministerium</span> <span class='ocrx_word' id='word_1_173' title='bbox 432 1604 537 1649; x_wconf 88' lang='lat' dir='ltr'>verae</span> <span class='ocrx_word' id='word_1_174' title='bbox 548 1577 723 1649; x_wconf 85' lang='lat' dir='ltr'>Ecclesiae</span> <span class='ocrx_word' id='word_1_175' title='bbox 741 1580 852 1671; x_wconf 91' lang='lat' dir='ltr'>pluris</span> <span class='ocrx_word' id='word_1_176' title='bbox 867 1575 993 1660; x_wconf 82' lang='lat' dir='ltr'>lacere,</span> <span class='ocrx_word' id='word_1_177' title='bbox 1013 1598 1121 1667; x_wconf 86' lang='lat' dir='ltr'>quam</span> <span class='ocrx_word' id='word_1_178' title='bbox 1174 1564 1277 1633; x_wconf 84' lang='lat' dir='ltr'>etiam</span> <span class='ocrx_word' id='word_1_179' title='bbox 1295 1563 1439 1631; x_wconf 83' lang='lat' dir='ltr'>difficile</span> <span class='ocrx_word' id='word_1_180' title='bbox 1455 1575 1508 1631; x_wconf 82' lang='lat' dir='ltr'>est</span> <span class='ocrx_word' id='word_1_181' title='bbox 1521 1585 1659 1647; x_wconf 76' lang='lat' dir='ltr'>causam</span> <span class='ocrx_word' id='word_1_182' title='bbox 1676 1565 1869 1634; x_wconf 79' lang='lat' dir='ltr'>ostendere.</span> <span class='ocrx_word' id='word_1_183' title='bbox 1910 1564 1999 1634; x_wconf 86' lang='lat' dir='ltr'>Nam</span> <span class='ocrx_word' id='word_1_184' title='bbox 2013 1592 2162 1660; x_wconf 90' lang='lat' dir='ltr'>corpora</span> 
     </span>
     <span class='ocr_line' id='line_1_15' title="bbox 126 1664 2163 1780; baseline -0.007 -24"><span class='ocrx_word' id='word_1_185' title='bbox 126 1683 295 1780; x_wconf 76' lang='lat' dir='ltr'>Tyranni</span> <span class='ocrx_word' id='word_1_186' title='bbox 315 1683 451 1767; x_wconf 88' lang='lat' dir='ltr'>minas,</span> <span class='ocrx_word' id='word_1_187' title='bbox 481 1706 561 1752; x_wconf 91' lang='lat' dir='ltr'>cum</span> <span class='ocrx_word' id='word_1_188' title='bbox 585 1698 701 1752; x_wconf 90' lang='lat' dir='ltr'>custos</span> <span class='ocrx_word' id='word_1_189' title='bbox 724 1695 814 1751; x_wconf 87' lang='lat' dir='ltr'>essct</span> <span class='ocrx_word' id='word_1_190' title='bbox 837 1680 935 1749; x_wconf 92' lang='lat' dir='ltr'>illius</span> <span class='ocrx_word' id='word_1_191' title='bbox 959 1677 1122 1769; x_wconf 86' lang='lat' dir='ltr'>publicae</span> <span class='ocrx_word' id='word_1_192' title='bbox 1174 1664 1411 1735; x_wconf 74' lang='lat' dir='ltr'>animantium</span> <span class='ocrx_word' id='word_1_193' title='bbox 1425 1687 1498 1734; x_wconf 85' lang='lat' dir='ltr'>non</span> <span class='ocrx_word' id='word_1_194' title='bbox 1515 1681 1699 1733; x_wconf 90' lang='lat' dir='ltr'>mutantur</span> <span class='ocrx_word' id='word_1_195' title='bbox 1713 1668 1854 1756; x_wconf 83' lang='lat' dir='ltr'>proprie</span> <span class='ocrx_word' id='word_1_196' title='bbox 1872 1668 1947 1758; x_wconf 80' lang='lat' dir='ltr'>ipsa</span> <span class='ocrx_word' id='word_1_197' title='bbox 1965 1683 2077 1740; x_wconf 91' lang='lat' dir='ltr'>terrae</span> <span class='ocrx_word' id='word_1_198' title='bbox 2092 1687 2163 1743; x_wconf 87' lang='lat' dir='ltr'>tre-</span> 
     </span>
     <span class='ocr_line' id='line_1_16' title="bbox 128 1762 2265 1879; baseline -0.007 -22"><span class='ocrx_word' id='word_1_199' title='bbox 128 1784 321 1879; x_wconf 88' lang='lat' dir='ltr'>pecuniae,</span> <span class='ocrx_word' id='word_1_200' title='bbox 343 1783 594 1854; x_wconf 89' lang='lat' dir='ltr'>maluitvitam</span> <span class='ocrx_word' id='word_1_201' title='bbox 614 1785 846 1874; x_wconf 77' lang='lat' dir='ltr'>profundere,</span> <span class='ocrx_word' id='word_1_202' title='bbox 871 1806 976 1875; x_wconf 91' lang='lat' dir='ltr'>quam</span> <span class='ocrx_word' id='word_1_203' title='bbox 1000 1792 1122 1870; x_wconf 83' lang='lat' dir='ltr'>postu-</span> <span class='ocrx_word' id='word_1_204' title='bbox 1175 1791 1285 1837; x_wconf 88' lang='lat' dir='ltr'>more.</span> <span class='ocrx_word' id='word_1_205' title='bbox 1335 1762 1412 1834; x_wconf 91' lang='lat' dir='ltr'>Etsi</span> <span class='ocrx_word' id='word_1_206' title='bbox 1428 1780 1543 1835; x_wconf 84' lang='lat' dir='ltr'>sutem</span> <span class='ocrx_word' id='word_1_207' title='bbox 1563 1767 1733 1835; x_wconf 86' lang='lat' dir='ltr'>decausis</span> <span class='ocrx_word' id='word_1_208' title='bbox 1755 1769 1963 1863; x_wconf 86' lang='lat' dir='ltr'>propinquis</span> <span class='ocrx_word' id='word_1_209' title='bbox 1984 1773 2164 1846; x_wconf 89' lang='lat' dir='ltr'>coniectu-</span> <span class='ocrx_word' id='word_1_210' title='bbox 2259 1860 2265 1872; x_wconf 21' lang='grc' dir='ltr'>ἱ</span> 
     </span>
    </p>
   </div>
   <div class='ocr_carea' id='block_1_3' title="bbox 128 1867 2164 1977">
    <p class='ocr_par' dir='ltr' id='par_1_3' title="bbox 128 1867 2164 1977">
     <span class='ocr_line' id='line_1_17' title="bbox 128 1867 2164 1977; baseline -0.006 -18"><span class='ocrx_word' id='word_1_211' title='bbox 128 1887 220 1959; x_wconf 88' lang='lat' dir='ltr'>lauti</span> <span class='ocrx_word' id='word_1_212' title='bbox 237 1886 416 1957; x_wconf 81' lang='lat' dir='ltr'>Praefecto</span> <span class='ocrx_word' id='word_1_213' title='bbox 434 1886 619 1977; x_wconf 91' lang='lat' dir='ltr'>pecuniam</span> <span class='ocrx_word' id='word_1_214' title='bbox 634 1885 786 1954; x_wconf 88' lang='lat' dir='ltr'>alienam</span> <span class='ocrx_word' id='word_1_215' title='bbox 801 1886 963 1976; x_wconf 83' lang='lat' dir='ltr'>prodere.</span> <span class='ocrx_word' id='word_1_216' title='bbox 1175 1893 1235 1939; x_wconf 87' lang='lat' dir='ltr'>rae</span> <span class='ocrx_word' id='word_1_217' title='bbox 1254 1869 1367 1955; x_wconf 75' lang='lat' dir='ltr'>magis</span> <span class='ocrx_word' id='word_1_218' title='bbox 1390 1867 1515 1935; x_wconf 87' lang='lat' dir='ltr'>obviae</span> <span class='ocrx_word' id='word_1_219' title='bbox 1541 1881 1645 1951; x_wconf 83' lang='lat' dir='ltr'>sunt,</span> <span class='ocrx_word' id='word_1_220' title='bbox 1676 1868 1841 1941; x_wconf 86' lang='lat' dir='ltr'>videlicet</span> <span class='ocrx_word' id='word_1_221' title='bbox 1860 1873 1904 1940; x_wconf 92' lang='lat' dir='ltr'>de</span> <span class='ocrx_word' id='word_1_222' title='bbox 1925 1875 2069 1943; x_wconf 88' lang='lat' dir='ltr'>materia</span> <span class='ocrx_word' id='word_1_223' title='bbox 2085 1901 2164 1946; x_wconf 91' lang='lat' dir='ltr'>mo-</span> 
     </span>
    </p>
   </div>
   <div class='ocr_carea' id='block_1_4' title="bbox 132 1969 2165 2126">
    <p class='ocr_par' dir='ltr' id='par_1_4' title="bbox 132 1969 2165 2126">
     <span class='ocr_line' id='line_1_18' title="bbox 132 1969 2165 2126; baseline -0.028 -9"><span class='ocrx_word' id='word_1_224' title='bbox 132 2110 135 2117; x_wconf 89' lang='lat'>.</span> <span class='ocrx_word' id='word_1_225' title='bbox 234 2037 307 2113; x_wconf 68' lang='lat' dir='ltr'>saa</span> <span class='ocrx_word' id='word_1_226' title='bbox 328 2036 504 2109; x_wconf 71' lang='lat' dir='ltr'>ostrum</span> <span class='ocrx_word' id='word_1_227' title='bbox 524 2056 647 2107; x_wconf 69' lang='lat' dir='ltr'>rursm</span> <span class='ocrx_word' id='word_1_228' title='bbox 668 2060 710 2105; x_wconf 58' lang='grc' dir='ltr'>ει</span> <span class='ocrx_word' id='word_1_229' title='bbox 732 2035 835 2106; x_wconf 70' lang='lat' dir='ltr'>asara</span> <span class='ocrx_word' id='word_1_230' title='bbox 858 2032 983 2104; x_wconf 63' lang='lat' dir='ltr'>sesua</span> <span class='ocrx_word' id='word_1_231' title='bbox 1002 2029 1126 2126; x_wconf 67' lang='lat' dir='ltr'>aitqua,</span> <span class='ocrx_word' id='word_1_232' title='bbox 1176 1983 1298 2054; x_wconf 48' lang='grc' dir='ltr'>Μ’</span> <span class='ocrx_word' id='word_1_233' title='bbox 1323 1983 1442 2039; x_wconf 55' lang='lat' dir='ltr'>”mel</span> <span class='ocrx_word' id='word_1_234' title='bbox 1466 1969 1510 2038; x_wconf 78' lang='lat'>‘¹‘</span> <span class='ocrx_word' id='word_1_235' title='bbox 1534 1992 1636 2037; x_wconf 74' lang='lat'>⁰³⁸¹⁸³</span> <span class='ocrx_word' id='word_1_236' title='bbox 1660 1970 1795 2059; x_wconf 55' lang='lat' dir='ltr'>‘&#39;sim“</span> <span class='ocrx_word' id='word_1_237' title='bbox 1819 1997 1909 2064; x_wconf 67' lang='lat'>&lt;³⁰³⁸</span> <span class='ocrx_word' id='word_1_238' title='bbox 1930 1975 2000 2045; x_wconf 69' lang='lat' dir='ltr'>aa</span> <span class='ocrx_word' id='word_1_239' title='bbox 2020 1971 2165 2058; x_wconf 72' lang='lat' dir='ltr'>hattus.</span> 
     </span>
    </p>
   </div>
   <div class='ocr_carea' id='block_1_5' title="bbox 130 2135 1128 2742">
    <p class='ocr_par' dir='ltr' id='par_1_5' title="bbox 130 2135 1128 2742">
     <span class='ocr_line' id='line_1_19' title="bbox 130 2135 1127 2232; baseline -0.014 -16"><span class='ocrx_word' id='word_1_240' title='bbox 130 2140 253 2217; x_wconf 90' lang='lat' dir='ltr'>omnia</span> <span class='ocrx_word' id='word_1_241' title='bbox 269 2162 343 2211; x_wconf 91' lang='lat' dir='ltr'>esse</span> <span class='ocrx_word' id='word_1_242' title='bbox 361 2135 601 2232; x_wconf 88' lang='lat' dir='ltr'>lmperatoris.</span> <span class='ocrx_word' id='word_1_243' title='bbox 652 2135 748 2228; x_wconf 78' lang='lat' dir='ltr'>Ergo</span> <span class='ocrx_word' id='word_1_244' title='bbox 766 2138 872 2208; x_wconf 89' lang='lat' dir='ltr'>etiam</span> <span class='ocrx_word' id='word_1_245' title='bbox 897 2135 996 2205; x_wconf 88' lang='lat' dir='ltr'>illam</span> <span class='ocrx_word' id='word_1_246' title='bbox 1019 2158 1127 2225; x_wconf 91' lang='lat' dir='ltr'>pecu-</span> 
     </span>
     <span class='ocr_line' id='line_1_20' title="bbox 131 2234 1127 2329; baseline -0.017 -11"><span class='ocrx_word' id='word_1_247' title='bbox 131 2246 231 2319; x_wconf 84' lang='lat' dir='ltr'>niam</span> <span class='ocrx_word' id='word_1_248' title='bbox 247 2238 424 2312; x_wconf 84' lang='lat' dir='ltr'>Ecclesiae</span> <span class='ocrx_word' id='word_1_249' title='bbox 446 2239 601 2329; x_wconf 89' lang='lat' dir='ltr'>potuisse</span> <span class='ocrx_word' id='word_1_250' title='bbox 618 2241 799 2309; x_wconf 85' lang='lat' dir='ltr'>vendicari</span> <span class='ocrx_word' id='word_1_251' title='bbox 822 2237 1035 2308; x_wconf 80' lang='lat' dir='ltr'>aPraefecto</span> <span class='ocrx_word' id='word_1_252' title='bbox 1055 2234 1127 2303; x_wconf 90' lang='lat' dir='ltr'>lm-</span> 
     </span>
     <span class='ocr_line' id='line_1_21' title="bbox 131 2338 1126 2441; baseline -0.012 -25"><span class='ocrx_word' id='word_1_253' title='bbox 131 2345 319 2441; x_wconf 83' lang='lat' dir='ltr'>pcratoris.</span> <span class='ocrx_word' id='word_1_254' title='bbox 375 2341 424 2413; x_wconf 86' lang='lat' dir='ltr'>[le</span> <span class='ocrx_word' id='word_1_255' title='bbox 447 2338 522 2410; x_wconf 54' lang='lat' dir='ltr'>hac¹</span> <span class='ocrx_word' id='word_1_256' title='bbox 538 2355 654 2410; x_wconf 88' lang='lat' dir='ltr'>autem</span> <span class='ocrx_word' id='word_1_257' title='bbox 680 2355 752 2411; x_wconf 89' lang='lat' dir='ltr'>tota</span> <span class='ocrx_word' id='word_1_258' title='bbox 765 2341 998 2435; x_wconf 86' lang='lat' dir='ltr'>quaestione,</span> <span class='ocrx_word' id='word_1_259' title='bbox 1030 2352 1065 2407; x_wconf 89' lang='lat' dir='ltr'>et</span> <span class='ocrx_word' id='word_1_260' title='bbox 1083 2339 1126 2405; x_wconf 90' lang='lat' dir='ltr'>de</span> 
     </span>
     <span class='ocr_line' id='line_1_22' title="bbox 132 2440 1128 2537; baseline -0.014 -18"><span class='ocrx_word' id='word_1_261' title='bbox 132 2449 232 2520; x_wconf 87' lang='lat' dir='ltr'>dicto</span> <span class='ocrx_word' id='word_1_262' title='bbox 247 2446 309 2514; x_wconf 93' lang='lat' dir='ltr'>illo</span> <span class='ocrx_word' id='word_1_263' title='bbox 327 2442 464 2532; x_wconf 77' lang='lat' dir='ltr'>vulgari</span> <span class='ocrx_word' id='word_1_264' title='bbox 480 2443 565 2537; x_wconf 87' lang='lat' dir='ltr'>quid</span> <span class='ocrx_word' id='word_1_265' title='bbox 585 2443 809 2513; x_wconf 87' lang='lat' dir='ltr'>sentiendum</span> <span class='ocrx_word' id='word_1_266' title='bbox 826 2442 881 2521; x_wconf 84' lang='lat' dir='ltr'>sit,</span> <span class='ocrx_word' id='word_1_267' title='bbox 910 2455 988 2533; x_wconf 85' lang='lat' dir='ltr'>pcto</span> <span class='ocrx_word' id='word_1_268' title='bbox 1005 2440 1128 2510; x_wconf 82' lang='lat' dir='ltr'>claris-</span> 
     </span>
     <span class='ocr_line' id='line_1_23' title="bbox 131 2533 1127 2632; baseline -0.014 -10"><span class='ocrx_word' id='word_1_269' title='bbox 131 2552 224 2622; x_wconf 86' lang='lat' dir='ltr'>sime</span> <span class='ocrx_word' id='word_1_270' title='bbox 242 2533 731 2632; x_wconf 76' lang='lat' dir='ltr'>nominenoctorctittam,</span> <span class='ocrx_word' id='word_1_271' title='bbox 748 2559 786 2617; x_wconf 91' lang='lat' dir='ltr'>ut</span> <span class='ocrx_word' id='word_1_272' title='bbox 803 2558 898 2615; x_wconf 90' lang='lat' dir='ltr'>tuam</span> <span class='ocrx_word' id='word_1_273' title='bbox 916 2541 1127 2613; x_wconf 84' lang='lat' dir='ltr'>seutentiam</span> 
     </span>
     <span class='ocr_line' id='line_1_24' title="bbox 132 2644 568 2742; baseline -0.021 -19"><span class='ocrx_word' id='word_1_274' title='bbox 132 2644 241 2723; x_wconf 72' lang='lat' dir='ltr'>nobis</span> <span class='ocrx_word' id='word_1_275' title='bbox 257 2669 421 2742; x_wconf 84' lang='lat' dir='ltr'>exponas.</span> <span class='ocrx_word' id='word_1_276' title='bbox 473 2644 568 2721; x_wconf 83' lang='lat' dir='ltr'>Dixi.</span> 
     </span>
    </p>
   </div>
   <div class='ocr_carea' id='block_1_6' title="bbox 1177 2071 2170 2980">
    <p class='ocr_par' dir='ltr' id='par_1_6' title="bbox 1177 2071 2170 2980">
     <span class='ocr_line' id='line_1_25' title="bbox 1177 2071 2165 2169; baseline 0.008 -27"><span class='ocrx_word' id='word_1_277' title='bbox 1177 2097 1238 2143; x_wconf 91' lang='lat' dir='ltr'>seu</span> <span class='ocrx_word' id='word_1_278' title='bbox 1255 2086 1390 2150; x_wconf 87' lang='lat' dir='ltr'>ventos,</span> <span class='ocrx_word' id='word_1_279' title='bbox 1412 2093 1474 2140; x_wconf 90' lang='lat' dir='ltr'>seu</span> <span class='ocrx_word' id='word_1_280' title='bbox 1490 2093 1618 2164; x_wconf 86' lang='lat' dir='ltr'>aquam</span> <span class='ocrx_word' id='word_1_281' title='bbox 1635 2071 1673 2139; x_wconf 91' lang='lat' dir='ltr'>in</span> <span class='ocrx_word' id='word_1_282' title='bbox 1689 2085 1802 2141; x_wconf 89' lang='lat' dir='ltr'>terrae</span> <span class='ocrx_word' id='word_1_283' title='bbox 1815 2075 2018 2160; x_wconf 79' lang='lat' dir='ltr'>visceribus,</span> <span class='ocrx_word' id='word_1_284' title='bbox 2039 2102 2165 2169; x_wconf 78' lang='lat' dir='ltr'>magns</span> 
     </span>
     <span class='ocr_line' id='line_1_26' title="bbox 1177 2169 2166 2270; baseline 0.007 -25"><span class='ocrx_word' id='word_1_285' title='bbox 1177 2188 1230 2245; x_wconf 86' lang='lat' dir='ltr'>est</span> <span class='ocrx_word' id='word_1_286' title='bbox 1246 2171 1451 2242; x_wconf 85' lang='lat' dir='ltr'>obscuritas.</span> <span class='ocrx_word' id='word_1_287' title='bbox 1501 2169 1725 2243; x_wconf 85' lang='lat' dir='ltr'>Democritus</span> <span class='ocrx_word' id='word_1_288' title='bbox 1741 2173 1849 2255; x_wconf 75' lang='lat' dir='ltr'>(lixit,</span> <span class='ocrx_word' id='word_1_289' title='bbox 1875 2201 2001 2270; x_wconf 86' lang='lat' dir='ltr'>aquam</span> <span class='ocrx_word' id='word_1_290' title='bbox 2018 2177 2055 2248; x_wconf 89' lang='lat' dir='ltr'>in</span> <span class='ocrx_word' id='word_1_291' title='bbox 2072 2198 2166 2252; x_wconf 87' lang='lat' dir='ltr'>terra</span> 
     </span>
     <span class='ocr_line' id='line_1_27' title="bbox 1179 2273 2166 2359; baseline 0.008 -14"><span class='ocrx_word' id='word_1_292' title='bbox 1179 2276 1372 2358; x_wconf 88' lang='lat' dir='ltr'>inclusam,</span> <span class='ocrx_word' id='word_1_293' title='bbox 1397 2299 1476 2342; x_wconf 81' lang='lat' dir='ltr'>mam</span> <span class='ocrx_word' id='word_1_294' title='bbox 1499 2273 1613 2342; x_wconf 90' lang='lat' dir='ltr'>nimio</span> <span class='ocrx_word' id='word_1_295' title='bbox 1634 2275 1780 2345; x_wconf 87' lang='lat' dir='ltr'>adfluxu</span> <span class='ocrx_word' id='word_1_296' title='bbox 1795 2277 2014 2359; x_wconf 86' lang='lat' dir='ltr'>intumescit,</span> <span class='ocrx_word' id='word_1_297' title='bbox 2035 2307 2166 2353; x_wconf 86' lang='lat' dir='ltr'>concu-</span> 
     </span>
     <span class='ocr_line' id='line_1_28' title="bbox 1179 2370 2167 2477; baseline 0.007 -29"><span class='ocrx_word' id='word_1_298' title='bbox 1179 2392 1251 2449; x_wconf 89' lang='lat' dir='ltr'>tere</span> <span class='ocrx_word' id='word_1_299' title='bbox 1273 2390 1414 2446; x_wconf 88' lang='lat' dir='ltr'>tcrram.</span> <span class='ocrx_word' id='word_1_300' title='bbox 1442 2403 1444 2407; x_wconf 65' lang='grc'>’</span> <span class='ocrx_word' id='word_1_301' title='bbox 1464 2371 1514 2445; x_wconf 88' lang='lat' dir='ltr'>Et</span> <span class='ocrx_word' id='word_1_302' title='bbox 1533 2375 1771 2445; x_wconf 87' lang='lat' dir='ltr'>coniecturam</span> <span class='ocrx_word' id='word_1_303' title='bbox 1795 2370 1887 2448; x_wconf 90' lang='lat' dir='ltr'>hanc</span> <span class='ocrx_word' id='word_1_304' title='bbox 1914 2382 2052 2466; x_wconf 83' lang='lat' dir='ltr'>recitat,</span> <span class='ocrx_word' id='word_1_305' title='bbox 2082 2384 2167 2477; x_wconf 87' lang='lat' dir='ltr'>quia</span> 
     </span>
     <span class='ocr_line' id='line_1_29' title="bbox 1179 2479 2168 2572; baseline 0.006 -23"><span class='ocrx_word' id='word_1_306' title='bbox 1179 2492 1259 2572; x_wconf 89' lang='lat' dir='ltr'>post</span> <span class='ocrx_word' id='word_1_307' title='bbox 1274 2490 1538 2550; x_wconf 86' lang='lat' dir='ltr'>terraemotum</span> <span class='ocrx_word' id='word_1_308' title='bbox 1553 2479 1651 2570; x_wconf 86' lang='lat' dir='ltr'>sequi</span> <span class='ocrx_word' id='word_1_309' title='bbox 1665 2480 1920 2549; x_wconf 74' lang='lat' dir='ltr'>extrudatiunes</span> <span class='ocrx_word' id='word_1_310' title='bbox 1933 2483 2100 2554; x_wconf 89' lang='lat' dir='ltr'>usitatum</span> <span class='ocrx_word' id='word_1_311' title='bbox 2111 2488 2168 2572; x_wconf 89' lang='lat' dir='ltr'>sit,</span> 
     </span>
     <span class='ocr_line' id='line_1_30' title="bbox 1180 2580 2168 2672; baseline 0.006 -21"><span class='ocrx_word' id='word_1_312' title='bbox 1180 2597 1219 2652; x_wconf 92' lang='lat' dir='ltr'>ut</span> <span class='ocrx_word' id='word_1_313' title='bbox 1236 2582 1290 2650; x_wconf 90' lang='lat' dir='ltr'>bis</span> <span class='ocrx_word' id='word_1_314' title='bbox 1303 2580 1398 2649; x_wconf 90' lang='lat' dir='ltr'>intra</span> <span class='ocrx_word' id='word_1_315' title='bbox 1418 2602 1547 2672; x_wconf 70' lang='lat' dir='ltr'>paitcos</span> <span class='ocrx_word' id='word_1_316' title='bbox 1561 2602 1674 2650; x_wconf 84' lang='lat' dir='ltr'>anuos</span> <span class='ocrx_word' id='word_1_317' title='bbox 1690 2581 1795 2650; x_wconf 89' lang='lat' dir='ltr'>etiam</span> <span class='ocrx_word' id='word_1_318' title='bbox 1812 2583 1849 2649; x_wconf 89' lang='lat' dir='ltr'>in</span> <span class='ocrx_word' id='word_1_319' title='bbox 1862 2580 2056 2661; x_wconf 86' lang='lat' dir='ltr'>Germania</span> <span class='ocrx_word' id='word_1_320' title='bbox 2070 2593 2168 2656; x_wconf 82' lang='lat' dir='ltr'>roru-</span> 
     </span>
     <span class='ocr_line' id='line_1_31' title="bbox 1181 2682 1667 2776; baseline 0.004 -24"><span class='ocrx_word' id='word_1_321' title='bbox 1181 2682 1347 2776; x_wconf 89' lang='lat' dir='ltr'>perimus.</span> <span class='ocrx_word' id='word_1_322' title='bbox 1659 2702 1667 2709; x_wconf 86' lang='grc'><em>·</em></span> 
     </span>
     <span class='ocr_line' id='line_1_32' title="bbox 1184 2783 2169 2863; baseline 0.008 -9"><span class='ocrx_word' id='word_1_323' title='bbox 1184 2830 1192 2839; x_wconf 73' lang='lat'><em>,</em></span> <span class='ocrx_word' id='word_1_324' title='bbox 1283 2784 1375 2855; x_wconf 85' lang='lat' dir='ltr'>Nam</span> <span class='ocrx_word' id='word_1_325' title='bbox 1392 2797 1473 2854; x_wconf 90' lang='lat' dir='ltr'>ante</span> <span class='ocrx_word' id='word_1_326' title='bbox 1488 2783 1684 2856; x_wconf 88' lang='lat' dir='ltr'>octodecim</span> <span class='ocrx_word' id='word_1_327' title='bbox 1700 2809 1813 2856; x_wconf 84' lang='lat' dir='ltr'>anuos</span> <span class='ocrx_word' id='word_1_328' title='bbox 1828 2784 1962 2858; x_wconf 83' lang='lat' dir='ltr'>Terrae</span> <span class='ocrx_word' id='word_1_329' title='bbox 1976 2803 2112 2861; x_wconf 91' lang='lat' dir='ltr'>motum</span> <span class='ocrx_word' id='word_1_330' title='bbox 2130 2792 2169 2863; x_wconf 90' lang='lat' dir='ltr'>in</span> 
     </span>
     <span class='ocr_line' id='line_1_33' title="bbox 1181 2884 2170 2980; baseline 0.008 -22"><span class='ocrx_word' id='word_1_331' title='bbox 1181 2884 1336 2980; x_wconf 82' lang='lat' dir='ltr'>Alpibus</span> <span class='ocrx_word' id='word_1_332' title='bbox 1349 2899 1486 2956; x_wconf 88' lang='lat' dir='ltr'>secutae</span> <span class='ocrx_word' id='word_1_333' title='bbox 1502 2900 1585 2955; x_wconf 88' lang='lat' dir='ltr'>sunt</span> <span class='ocrx_word' id='word_1_334' title='bbox 1602 2910 1748 2977; x_wconf 74' lang='lat' dir='ltr'>maguae</span> <span class='ocrx_word' id='word_1_335' title='bbox 1764 2891 2035 2978; x_wconf 73' lang='lat' dir='ltr'>exaautlationes,</span> <span class='ocrx_word' id='word_1_336' title='bbox 2061 2907 2095 2963; x_wconf 92' lang='lat' dir='ltr'>et</span> <span class='ocrx_word' id='word_1_337' title='bbox 2112 2919 2170 2966; x_wconf 87' lang='lat' dir='ltr'>rc·</span> 
     </span>
    </p>
   </div>
   <div class='ocr_carea' id='block_1_7' title="bbox 133 2958 2172 3186">
    <p class='ocr_par' dir='ltr' id='par_1_7' title="bbox 133 2958 2172 3186">
     <span class='ocr_line' id='line_1_34' title="bbox 133 2958 2169 3110; baseline -0.007 -30"><span class='ocrx_word' id='word_1_338' title='bbox 133 3025 223 3100; x_wconf 79' lang='lat' dir='ltr'>·No.</span> <span class='ocrx_word' id='word_1_339' title='bbox 244 3023 305 3100; x_wconf 50' lang='lat'>55·</span> <span class='ocrx_word' id='word_1_340' title='bbox 410 2958 415 2967; x_wconf 93' lang='lat'><em>·</em></span> <span class='ocrx_word' id='word_1_341' title='bbox 488 3049 494 3063; x_wconf 82' lang='lat'><strong>·</strong></span> <span class='ocrx_word' id='word_1_342' title='bbox 849 3028 903 3093; x_wconf 47' lang='grc' dir='ltr'>ῃ),</span> <span class='ocrx_word' id='word_1_343' title='bbox 921 3024 1116 3110; x_wconf 44' lang='lat' dir='ltr'>&amp;pqqffl</span> <span class='ocrx_word' id='word_1_344' title='bbox 1182 3014 1265 3061; x_wconf 87' lang='lat' dir='ltr'>cens</span> <span class='ocrx_word' id='word_1_345' title='bbox 1297 2987 1336 3056; x_wconf 89' lang='lat' dir='ltr'>in</span> <span class='ocrx_word' id='word_1_346' title='bbox 1368 2988 1478 3056; x_wconf 78' lang='lat' dir='ltr'>iussas</span> <span class='ocrx_word' id='word_1_347' title='bbox 1511 2987 1703 3056; x_wconf 88' lang='lat' dir='ltr'>metallicas</span> <span class='ocrx_word' id='word_1_348' title='bbox 1734 2986 2013 3085; x_wconf 85' lang='lat' dir='ltr'>Mansfeldenses</span> <span class='ocrx_word' id='word_1_349' title='bbox 2040 2997 2169 3085; x_wconf 88' lang='lat' dir='ltr'>passim</span> 
     </span>
     <span class='ocr_line' id='line_1_35' title="bbox 143 3089 2172 3186; baseline -0.004 -10"><span class='ocrx_word' id='word_1_350' title='bbox 143 3123 319 3153; x_wconf 54' lang='grc' dir='ltr'>*Ν</span> <span class='ocrx_word' id='word_1_351' title='bbox 354 3168 358 3173; x_wconf 93' lang='grc'>.</span> <span class='ocrx_word' id='word_1_352' title='bbox 835 3113 1131 3165; x_wconf 50' lang='grc' dir='ltr'>νον-’ν</span> <span class='ocrx_word' id='word_1_353' title='bbox 1183 3116 1274 3186; x_wconf 87' lang='lat' dir='ltr'>aqua</span> <span class='ocrx_word' id='word_1_354' title='bbox 1292 3089 1451 3174; x_wconf 80' lang='lat' dir='ltr'>influxit,</span> <span class='ocrx_word' id='word_1_355' title='bbox 1475 3100 1510 3157; x_wconf 87' lang='lat' dir='ltr'>et</span> <span class='ocrx_word' id='word_1_356' title='bbox 1524 3089 1638 3159; x_wconf 89' lang='lat' dir='ltr'>crebri</span> <span class='ocrx_word' id='word_1_357' title='bbox 1659 3104 1743 3160; x_wconf 90' lang='lat' dir='ltr'>sunt</span> <span class='ocrx_word' id='word_1_358' title='bbox 1758 3089 1891 3161; x_wconf 83' lang='lat' dir='ltr'>Terrae</span> <span class='ocrx_word' id='word_1_359' title='bbox 1913 3107 2028 3165; x_wconf 90' lang='lat' dir='ltr'>motus</span> <span class='ocrx_word' id='word_1_360' title='bbox 2051 3096 2089 3166; x_wconf 90' lang='lat' dir='ltr'>iu</span> <span class='ocrx_word' id='word_1_361' title='bbox 2111 3098 2172 3167; x_wconf 91' lang='lat' dir='ltr'>lit·</span> 
     </span>
    </p>
   </div>
   <div class='ocr_carea' id='block_1_8' title="bbox 134 3195 1331 3352">
    <p class='ocr_par' dir='ltr' id='par_1_8' title="bbox 134 3195 1331 3352">
     <span class='ocr_line' id='line_1_36' title="bbox 134 3195 1331 3352; baseline -0.013 -64"><span class='ocrx_word' id='word_1_362' title='bbox 134 3254 137 3261; x_wconf 95' lang='lat'>·</span> <span class='ocrx_word' id='word_1_363' title='bbox 204 3227 238 3286; x_wconf 76' lang='lat' dir='ltr'>u·</span> <span class='ocrx_word' id='word_1_364' title='bbox 256 3229 418 3300; x_wconf 60' lang='lat' dir='ltr'>onera-s.</span> <span class='ocrx_word' id='word_1_365' title='bbox 433 3225 515 3284; x_wconf 67' lang='lat' dir='ltr'>aare.</span> <span class='ocrx_word' id='word_1_366' title='bbox 533 3225 744 3352; x_wconf 51' lang='lat' dir='ltr'>aceensa.</span> <span class='ocrx_word' id='word_1_367' title='bbox 761 3225 912 3281; x_wconf 60' lang='lat' dir='ltr'>aalma.</span> <span class='ocrx_word' id='word_1_368' title='bbox 931 3222 1131 3298; x_wconf 53' lang='lat' dir='ltr'>canaan.</span> <span class='ocrx_word' id='word_1_369' title='bbox 1182 3195 1331 3266; x_wconf 77' lang='lat' dir='ltr'>toribus.</span> 
     </span>
    </p>
   </div>
   <div class='ocr_carea' id='block_1_9' title="bbox 134 3290 2236 5513">
    <p class='ocr_par' dir='ltr' id='par_1_9' title="bbox 134 3290 2236 5513">
     <span class='ocr_line' id='line_1_37' title="bbox 1287 3290 2236 3385; baseline 0.012 -24"><span class='ocrx_word' id='word_1_370' title='bbox 1287 3292 1465 3385; x_wconf 86' lang='lat' dir='ltr'>Quodque</span> <span class='ocrx_word' id='word_1_371' title='bbox 1475 3291 1635 3365; x_wconf 89' lang='lat' dir='ltr'>Siciliam</span> <span class='ocrx_word' id='word_1_372' title='bbox 1652 3290 1811 3364; x_wconf 87' lang='lat' dir='ltr'>abltalia</span> <span class='ocrx_word' id='word_1_373' title='bbox 1826 3309 1939 3368; x_wconf 88' lang='lat' dir='ltr'>terrac</span> <span class='ocrx_word' id='word_1_374' title='bbox 1955 3311 2055 3371; x_wconf 89' lang='lat' dir='ltr'>motu</span> <span class='ocrx_word' id='word_1_375' title='bbox 2070 3302 2173 3375; x_wconf 89' lang='lat' dir='ltr'>avul-</span> <span class='ocrx_word' id='word_1_376' title='bbox 2229 3301 2236 3324; x_wconf 93' lang='lat'><em>&#39;</em></span> 
     </span>
     <span class='ocr_line' id='line_1_38' title="bbox 1183 3396 2172 3490; baseline 0.008 -22"><span class='ocrx_word' id='word_1_377' title='bbox 1183 3422 1258 3470; x_wconf 87' lang='lat' dir='ltr'>sam</span> <span class='ocrx_word' id='word_1_378' title='bbox 1282 3419 1356 3464; x_wconf 87' lang='lat' dir='ltr'>csse</span> <span class='ocrx_word' id='word_1_379' title='bbox 1379 3409 1544 3478; x_wconf 89' lang='lat' dir='ltr'>narrant,</span> <span class='ocrx_word' id='word_1_380' title='bbox 1568 3396 1661 3464; x_wconf 88' lang='lat' dir='ltr'>mole</span> <span class='ocrx_word' id='word_1_381' title='bbox 1676 3421 1849 3488; x_wconf 87' lang='lat' dir='ltr'>aquarum</span> <span class='ocrx_word' id='word_1_382' title='bbox 1872 3400 2003 3471; x_wconf 87' lang='lat' dir='ltr'>lactum</span> <span class='ocrx_word' id='word_1_383' title='bbox 2019 3402 2172 3490; x_wconf 90' lang='lat' dir='ltr'>videtur,</span> 
     </span>
     <span class='ocr_line' id='line_1_39' title="bbox 1184 3495 1754 3590; baseline -0.005 -19"><span class='ocrx_word' id='word_1_384' title='bbox 1184 3507 1225 3574; x_wconf 87' lang='lat' dir='ltr'>ut</span> <span class='ocrx_word' id='word_1_385' title='bbox 1238 3496 1412 3586; x_wconf 80' lang='lat' dir='ltr'>Virgilius</span> <span class='ocrx_word' id='word_1_386' title='bbox 1425 3495 1548 3590; x_wconf 47' lang='lat' dir='ltr'>inquit*</span> <span class='ocrx_word' id='word_1_387' title='bbox 1557 3498 1601 3565; x_wconf 89' lang='lat' dir='ltr'>dc</span> <span class='ocrx_word' id='word_1_388' title='bbox 1616 3496 1754 3568; x_wconf 88' lang='lat' dir='ltr'>Sicilia:</span> 
     </span>
     <span class='ocr_line' id='line_1_40' title="bbox 1261 3605 2049 3688; baseline 0.006 -21"><span class='ocrx_word' id='word_1_389' title='bbox 1261 3605 1344 3668; x_wconf 82' lang='lat' dir='ltr'>Hero</span> <span class='ocrx_word' id='word_1_390' title='bbox 1358 3610 1424 3666; x_wconf 87' lang='lat' dir='ltr'>loca</span> <span class='ocrx_word' id='word_1_391' title='bbox 1442 3609 1473 3666; x_wconf 82' lang='lat' dir='ltr'>vi</span> <span class='ocrx_word' id='word_1_392' title='bbox 1488 3607 1641 3688; x_wconf 81' lang='lat' dir='ltr'>quondam</span> <span class='ocrx_word' id='word_1_393' title='bbox 1655 3619 1684 3667; x_wconf 88' lang='lat' dir='ltr'>ct</span> <span class='ocrx_word' id='word_1_394' title='bbox 1697 3618 1777 3667; x_wconf 80' lang='lat' dir='ltr'>vasta</span> <span class='ocrx_word' id='word_1_395' title='bbox 1792 3612 1934 3670; x_wconf 76' lang='lat' dir='ltr'>convulsa</span> <span class='ocrx_word' id='word_1_396' title='bbox 1951 3614 2049 3686; x_wconf 82' lang='lat' dir='ltr'>ruins,</span> 
     </span>
     <span class='ocr_line' id='line_1_41' title="bbox 1260 3706 2123 3793; baseline 0.006 -23"><span class='ocrx_word' id='word_1_397' title='bbox 1260 3706 1410 3787; x_wconf 83' lang='lat' dir='ltr'>(Tantum</span> <span class='ocrx_word' id='word_1_398' title='bbox 1427 3711 1494 3768; x_wconf 87' lang='lat' dir='ltr'>aevi</span> <span class='ocrx_word' id='word_1_399' title='bbox 1507 3711 1673 3791; x_wconf 86' lang='lat' dir='ltr'>longinqua</span> <span class='ocrx_word' id='word_1_400' title='bbox 1689 3712 1767 3769; x_wconf 84' lang='lat' dir='ltr'>rslct</span> <span class='ocrx_word' id='word_1_401' title='bbox 1780 3723 1896 3772; x_wconf 81' lang='lat' dir='ltr'>mutare</span> <span class='ocrx_word' id='word_1_402' title='bbox 1910 3717 2055 3793; x_wconf 81' lang='lat' dir='ltr'>vetustas)</span> <span class='ocrx_word' id='word_1_403' title='bbox 2119 3735 2123 3741; x_wconf 93' lang='lat'>·</span> 
     </span>
     <span class='ocr_line' id='line_1_42' title="bbox 1263 3800 2060 3898; baseline 0.006 -25"><span class='ocrx_word' id='word_1_404' title='bbox 1263 3807 1427 3873; x_wconf 86' lang='lat' dir='ltr'>Dissiliisse</span> <span class='ocrx_word' id='word_1_405' title='bbox 1442 3811 1562 3886; x_wconf 70' lang='lat' dir='ltr'>lerunt,</span> <span class='ocrx_word' id='word_1_406' title='bbox 1587 3800 1658 3872; x_wconf 76' lang='lat' dir='ltr'>oum</span> <span class='ocrx_word' id='word_1_407' title='bbox 1678 3817 1817 3892; x_wconf 90' lang='lat' dir='ltr'>protinus</span> <span class='ocrx_word' id='word_1_408' title='bbox 1830 3828 1956 3898; x_wconf 83' lang='lat' dir='ltr'>utreque</span> <span class='ocrx_word' id='word_1_409' title='bbox 1971 3820 2060 3878; x_wconf 86' lang='lat' dir='ltr'>tellus</span> 
     </span>
     <span class='ocr_line' id='line_1_43' title="bbox 135 3897 2021 4000; baseline 0 -21"><span class='ocrx_word' id='word_1_410' title='bbox 135 3897 236 3989; x_wconf 90' lang='lat' dir='ltr'>Non</span> <span class='ocrx_word' id='word_1_411' title='bbox 251 3923 304 3979; x_wconf 87' lang='lat' dir='ltr'>cst</span> <span class='ocrx_word' id='word_1_412' title='bbox 318 3919 459 3978; x_wconf 89' lang='lat' dir='ltr'>nostrae</span> <span class='ocrx_word' id='word_1_413' title='bbox 476 3906 609 3988; x_wconf 87' lang='lat' dir='ltr'>aetatis,</span> <span class='ocrx_word' id='word_1_414' title='bbox 632 3930 772 3976; x_wconf 75' lang='lat' dir='ltr'>caeream</span> <span class='ocrx_word' id='word_1_415' title='bbox 787 3929 966 4000; x_wconf 87' lang='lat' dir='ltr'>quaerere,</span> <span class='ocrx_word' id='word_1_416' title='bbox 989 3918 1136 3995; x_wconf 86' lang='lat' dir='ltr'>propter</span> <span class='ocrx_word' id='word_1_417' title='bbox 1192 3942 1195 3946; x_wconf 39' lang='lat'><em>‡</em></span> <span class='ocrx_word' id='word_1_418' title='bbox 1262 3910 1330 3976; x_wconf 84' lang='lat' dir='ltr'>Una</span> <span class='ocrx_word' id='word_1_419' title='bbox 1345 3915 1445 3992; x_wconf 83' lang='lat' dir='ltr'>t&#39;orst,</span> <span class='ocrx_word' id='word_1_420' title='bbox 1470 3917 1553 3973; x_wconf 83' lang='lat' dir='ltr'>venit</span> <span class='ocrx_word' id='word_1_421' title='bbox 1566 3913 1668 3974; x_wconf 82' lang='lat' dir='ltr'>medio</span> <span class='ocrx_word' id='word_1_422' title='bbox 1687 3918 1718 3981; x_wconf 83' lang='lat' dir='ltr'>vt</span> <span class='ocrx_word' id='word_1_423' title='bbox 1733 3928 1864 3995; x_wconf 83' lang='lat' dir='ltr'>pontus,</span> <span class='ocrx_word' id='word_1_424' title='bbox 1887 3930 1920 3985; x_wconf 80' lang='lat' dir='ltr'>¹ec</span> <span class='ocrx_word' id='word_1_425' title='bbox 1934 3918 2021 3980; x_wconf 80' lang='lat' dir='ltr'>undis</span> 
     </span>
     <span class='ocr_line' id='line_1_44' title="bbox 138 4005 2099 4108; baseline 0.001 -25"><span class='ocrx_word' id='word_1_426' title='bbox 138 4036 248 4108; x_wconf 86' lang='lat' dir='ltr'>quam</span> <span class='ocrx_word' id='word_1_427' title='bbox 270 4010 411 4102; x_wconf 85' lang='lat' dir='ltr'>sapiens</span> <span class='ocrx_word' id='word_1_428' title='bbox 439 4009 632 4102; x_wconf 85' lang='lat' dir='ltr'>antiquitas</span> <span class='ocrx_word' id='word_1_429' title='bbox 657 4009 808 4078; x_wconf 88' lang='lat' dir='ltr'>voluerit</span> <span class='ocrx_word' id='word_1_430' title='bbox 836 4031 964 4098; x_wconf 83' lang='lat' dir='ltr'>pueros</span> <span class='ocrx_word' id='word_1_431' title='bbox 987 4005 1026 4074; x_wconf 91' lang='lat' dir='ltr'>in</span> <span class='ocrx_word' id='word_1_432' title='bbox 1049 4030 1136 4076; x_wconf 91' lang='lat' dir='ltr'>con·</span> <span class='ocrx_word' id='word_1_433' title='bbox 1263 4014 1444 4098; x_wconf 79' lang='lat' dir='ltr'>Hesperium</span> <span class='ocrx_word' id='word_1_434' title='bbox 1460 4019 1556 4076; x_wconf 81' lang='lat' dir='ltr'>siculo</span> <span class='ocrx_word' id='word_1_435' title='bbox 1570 4019 1647 4076; x_wconf 81' lang='lat' dir='ltr'>tatus</span> <span class='ocrx_word' id='word_1_436' title='bbox 1661 4017 1804 4091; x_wconf 69' lang='lat' dir='ltr'>emutuit,</span> <span class='ocrx_word' id='word_1_437' title='bbox 1826 4037 1955 4102; x_wconf 83' lang='lat' dir='ltr'>amque</span> <span class='ocrx_word' id='word_1_438' title='bbox 1968 4034 1998 4083; x_wconf 83' lang='lat' dir='ltr'>et</span> <span class='ocrx_word' id='word_1_439' title='bbox 2012 4022 2099 4083; x_wconf 81' lang='lat' dir='ltr'>urbes</span> 
     </span>
     <span class='ocr_line' id='line_1_45' title="bbox 137 4108 1928 4204; baseline -0.002 -17"><span class='ocrx_word' id='word_1_440' title='bbox 137 4134 239 4187; x_wconf 87' lang='lat' dir='ltr'>sessu</span> <span class='ocrx_word' id='word_1_441' title='bbox 258 4126 311 4185; x_wconf 89' lang='lat' dir='ltr'>tut</span> <span class='ocrx_word' id='word_1_442' title='bbox 334 4135 479 4195; x_wconf 86' lang='lat' dir='ltr'>senum,</span> <span class='ocrx_word' id='word_1_443' title='bbox 514 4134 668 4204; x_wconf 88' lang='lat' dir='ltr'>quorum</span> <span class='ocrx_word' id='word_1_444' title='bbox 688 4125 748 4182; x_wconf 88' lang='lat' dir='ltr'>est</span> <span class='ocrx_word' id='word_1_445' title='bbox 768 4110 902 4179; x_wconf 83' lang='lat' dir='ltr'>eximia</span> <span class='ocrx_word' id='word_1_446' title='bbox 924 4108 1078 4178; x_wconf 89' lang='lat' dir='ltr'>eruditio</span> <span class='ocrx_word' id='word_1_447' title='bbox 1101 4125 1136 4178; x_wconf 89' lang='lat' dir='ltr'>et</span> <span class='ocrx_word' id='word_1_448' title='bbox 1264 4114 1384 4182; x_wconf 83' lang='lat' dir='ltr'>Ltttoaa</span> <span class='ocrx_word' id='word_1_449' title='bbox 1397 4117 1531 4178; x_wconf 78' lang='lat' dir='ltr'>diductas</span> <span class='ocrx_word' id='word_1_450' title='bbox 1544 4134 1670 4198; x_wconf 70' lang='lat' dir='ltr'>augum</span> <span class='ocrx_word' id='word_1_451' title='bbox 1685 4121 1823 4180; x_wconf 77' lang='lat' dir='ltr'>interluit</span> <span class='ocrx_word' id='word_1_452' title='bbox 1835 4133 1928 4185; x_wconf 82' lang='lat' dir='ltr'>aenu.</span> 
     </span>
     <span class='ocr_line' id='line_1_46' title="bbox 134 4206 2178 4310; baseline -0.001 -21"><span class='ocrx_word' id='word_1_453' title='bbox 134 4219 314 4310; x_wconf 65' lang='lat' dir='ltr'>gravitas,</span> <span class='ocrx_word' id='word_1_454' title='bbox 339 4212 475 4307; x_wconf 91' lang='lat' dir='ltr'>aliquid</span> <span class='ocrx_word' id='word_1_455' title='bbox 490 4213 627 4296; x_wconf 92' lang='lat' dir='ltr'>dicere,</span> <span class='ocrx_word' id='word_1_456' title='bbox 647 4214 708 4283; x_wconf 91' lang='lat' dir='ltr'>sed</span> <span class='ocrx_word' id='word_1_457' title='bbox 727 4214 924 4282; x_wconf 87' lang='lat' dir='ltr'>verecunde</span> <span class='ocrx_word' id='word_1_458' title='bbox 941 4233 1007 4279; x_wconf 91' lang='lat' dir='ltr'>nos</span> <span class='ocrx_word' id='word_1_459' title='bbox 1023 4206 1136 4279; x_wconf 86' lang='lat' dir='ltr'>hone-</span> <span class='ocrx_word' id='word_1_460' title='bbox 1188 4213 1340 4294; x_wconf 86' lang='lat' dir='ltr'>Talibus</span> <span class='ocrx_word' id='word_1_461' title='bbox 1354 4213 1567 4283; x_wconf 87' lang='lat' dir='ltr'>coniecturis</span> <span class='ocrx_word' id='word_1_462' title='bbox 1585 4227 1700 4282; x_wconf 90' lang='lat' dir='ltr'>motus</span> <span class='ocrx_word' id='word_1_463' title='bbox 1715 4211 1949 4301; x_wconf 87' lang='lat' dir='ltr'>Democritus,</span> <span class='ocrx_word' id='word_1_464' title='bbox 1971 4238 2110 4286; x_wconf 84' lang='lat' dir='ltr'>causam</span> <span class='ocrx_word' id='word_1_465' title='bbox 2128 4218 2178 4288; x_wconf 88' lang='lat' dir='ltr'>ait</span> 
     </span>
     <span class='ocr_line' id='line_1_47' title="bbox 137 4311 1420 4407; baseline -0.004 -17"><span class='ocrx_word' id='word_1_466' title='bbox 137 4318 205 4390; x_wconf 85' lang='lat' dir='ltr'>stis</span> <span class='ocrx_word' id='word_1_467' title='bbox 220 4314 391 4388; x_wconf 88' lang='lat' dir='ltr'>institutis</span> <span class='ocrx_word' id='word_1_468' title='bbox 408 4317 651 4406; x_wconf 89' lang='lat' dir='ltr'>obtemperare</span> <span class='ocrx_word' id='word_1_469' title='bbox 667 4317 777 4387; x_wconf 89' lang='lat' dir='ltr'>decet.</span> <span class='ocrx_word' id='word_1_470' title='bbox 828 4311 1001 4384; x_wconf 86' lang='lat' dir='ltr'>Fortassis</span> <span class='ocrx_word' id='word_1_471' title='bbox 1018 4326 1136 4382; x_wconf 86' lang='lat' dir='ltr'>autem</span> <span class='ocrx_word' id='word_1_472' title='bbox 1190 4339 1264 4385; x_wconf 88' lang='lat' dir='ltr'>esse</span> <span class='ocrx_word' id='word_1_473' title='bbox 1278 4339 1420 4407; x_wconf 85' lang='lat' dir='ltr'>aquam.</span> 
     </span>
     <span class='ocr_line' id='line_1_48' title="bbox 141 4408 2179 4513; baseline -0.001 -22"><span class='ocrx_word' id='word_1_474' title='bbox 141 4421 227 4491; x_wconf 89' lang='lat' dir='ltr'>ideo</span> <span class='ocrx_word' id='word_1_475' title='bbox 239 4413 310 4488; x_wconf 90' lang='lat' dir='ltr'>huc</span> <span class='ocrx_word' id='word_1_476' title='bbox 323 4417 553 4500; x_wconf 89' lang='lat' dir='ltr'>adducimur,</span> <span class='ocrx_word' id='word_1_477' title='bbox 579 4430 619 4487; x_wconf 90' lang='lat' dir='ltr'>ut</span> <span class='ocrx_word' id='word_1_478' title='bbox 635 4417 816 4487; x_wconf 81' lang='lat' dir='ltr'>intuentes</span> <span class='ocrx_word' id='word_1_479' title='bbox 828 4409 1136 4504; x_wconf 84' lang='lat' dir='ltr'>haccspectacula.</span> <span class='ocrx_word' id='word_1_480' title='bbox 1291 4418 1362 4487; x_wconf 83' lang='lat' dir='ltr'>Sed</span> <span class='ocrx_word' id='word_1_481' title='bbox 1381 4408 1529 4507; x_wconf 83' lang='lat' dir='ltr'>opponit</span> <span class='ocrx_word' id='word_1_482' title='bbox 1551 4415 1619 4482; x_wconf 91' lang='lat' dir='ltr'>alia</span> <span class='ocrx_word' id='word_1_483' title='bbox 1638 4415 1736 4506; x_wconf 81' lang='lat' dir='ltr'>signa</span> <span class='ocrx_word' id='word_1_484' title='bbox 1756 4414 1980 4502; x_wconf 82' lang='lat' dir='ltr'>Aristoteles,</span> <span class='ocrx_word' id='word_1_485' title='bbox 2008 4416 2056 4489; x_wconf 87' lang='lat' dir='ltr'>ait</span> <span class='ocrx_word' id='word_1_486' title='bbox 2074 4431 2179 4513; x_wconf 89' lang='lat' dir='ltr'>rupta</span> 
     </span>
     <span class='ocr_line' id='line_1_49' title="bbox 142 4514 2179 4609; baseline -0.001 -15"><span class='ocrx_word' id='word_1_487' title='bbox 142 4522 261 4593; x_wconf 88' lang='lat' dir='ltr'>statim</span> <span class='ocrx_word' id='word_1_488' title='bbox 280 4545 302 4589; x_wconf 93' lang='lat' dir='ltr'>a</span> <span class='ocrx_word' id='word_1_489' title='bbox 327 4519 457 4589; x_wconf 85' lang='lat' dir='ltr'>teneris</span> <span class='ocrx_word' id='word_1_490' title='bbox 474 4519 650 4588; x_wconf 89' lang='lat' dir='ltr'>discamus</span> <span class='ocrx_word' id='word_1_491' title='bbox 670 4514 836 4587; x_wconf 82' lang='lat' dir='ltr'>honestas</span> <span class='ocrx_word' id='word_1_492' title='bbox 853 4531 945 4586; x_wconf 90' lang='lat' dir='ltr'>artes</span> <span class='ocrx_word' id='word_1_493' title='bbox 966 4532 1001 4585; x_wconf 92' lang='lat' dir='ltr'>et</span> <span class='ocrx_word' id='word_1_494' title='bbox 1019 4516 1137 4584; x_wconf 84' lang='lat' dir='ltr'>nomi·</span> <span class='ocrx_word' id='word_1_495' title='bbox 1189 4533 1280 4590; x_wconf 88' lang='lat' dir='ltr'>terra</span> <span class='ocrx_word' id='word_1_496' title='bbox 1296 4540 1397 4609; x_wconf 87' lang='lat' dir='ltr'>saepe</span> <span class='ocrx_word' id='word_1_497' title='bbox 1413 4539 1558 4604; x_wconf 73' lang='lat' dir='ltr'>magnos</span> <span class='ocrx_word' id='word_1_498' title='bbox 1574 4518 1677 4586; x_wconf 82' lang='lat' dir='ltr'>flatus</span> <span class='ocrx_word' id='word_1_499' title='bbox 1690 4519 1847 4607; x_wconf 84' lang='lat' dir='ltr'>evolare,</span> <span class='ocrx_word' id='word_1_500' title='bbox 1875 4532 1908 4589; x_wconf 92' lang='lat' dir='ltr'>ct</span> <span class='ocrx_word' id='word_1_501' title='bbox 1923 4518 2003 4588; x_wconf 87' lang='lat' dir='ltr'>elici</span> <span class='ocrx_word' id='word_1_502' title='bbox 2018 4520 2179 4593; x_wconf 88' lang='lat' dir='ltr'>flammas</span> 
     </span>
     <span class='ocr_line' id='line_1_50' title="bbox 142 4617 2180 4713; baseline -0.001 -17"><span class='ocrx_word' id='word_1_503' title='bbox 142 4647 244 4709; x_wconf 87' lang='lat' dir='ltr'>nare,</span> <span class='ocrx_word' id='word_1_504' title='bbox 268 4635 304 4692; x_wconf 91' lang='lat' dir='ltr'>et</span> <span class='ocrx_word' id='word_1_505' title='bbox 318 4620 492 4703; x_wconf 87' lang='lat' dir='ltr'>venerari,</span> <span class='ocrx_word' id='word_1_506' title='bbox 519 4621 705 4712; x_wconf 89' lang='lat' dir='ltr'>praecipue</span> <span class='ocrx_word' id='word_1_507' title='bbox 722 4628 805 4689; x_wconf 79' lang='lat' dir='ltr'>vem</span> <span class='ocrx_word' id='word_1_508' title='bbox 821 4620 865 4686; x_wconf 88' lang='lat' dir='ltr'>ad</span> <span class='ocrx_word' id='word_1_509' title='bbox 882 4618 1037 4686; x_wconf 90' lang='lat' dir='ltr'>medicae</span> <span class='ocrx_word' id='word_1_510' title='bbox 1052 4619 1137 4687; x_wconf 88' lang='lat' dir='ltr'>artis</span> <span class='ocrx_word' id='word_1_511' title='bbox 1191 4620 1409 4692; x_wconf 86' lang='lat' dir='ltr'>etcinerem.</span> <span class='ocrx_word' id='word_1_512' title='bbox 1460 4617 1543 4688; x_wconf 89' lang='lat' dir='ltr'>Non</span> <span class='ocrx_word' id='word_1_513' title='bbox 1561 4618 1670 4706; x_wconf 82' lang='lat' dir='ltr'>igitur</span> <span class='ocrx_word' id='word_1_514' title='bbox 1686 4643 1774 4713; x_wconf 90' lang='lat' dir='ltr'>aqua</span> <span class='ocrx_word' id='word_1_515' title='bbox 1792 4634 1845 4690; x_wconf 92' lang='lat' dir='ltr'>est</span> <span class='ocrx_word' id='word_1_516' title='bbox 1862 4621 2047 4711; x_wconf 88' lang='lat' dir='ltr'>praecipua</span> <span class='ocrx_word' id='word_1_517' title='bbox 2064 4646 2180 4699; x_wconf 82' lang='lat' dir='ltr'>causa.</span> 
     </span>
     <span class='ocr_line' id='line_1_51' title="bbox 143 4719 2181 4813; baseline 0.001 -20"><span class='ocrx_word' id='word_1_518' title='bbox 143 4725 379 4803; x_wconf 74' lang='lat' dir='ltr'>reverentiam</span> <span class='ocrx_word' id='word_1_519' title='bbox 404 4739 523 4793; x_wconf 87' lang='lat' dir='ltr'>nostra</span> <span class='ocrx_word' id='word_1_520' title='bbox 546 4735 641 4791; x_wconf 89' lang='lat' dir='ltr'>aetas</span> <span class='ocrx_word' id='word_1_521' title='bbox 664 4720 934 4791; x_wconf 76' lang='lat' dir='ltr'>adsuefacieuda</span> <span class='ocrx_word' id='word_1_522' title='bbox 958 4733 1028 4802; x_wconf 88' lang='lat' dir='ltr'>cst,</span> <span class='ocrx_word' id='word_1_523' title='bbox 1054 4719 1139 4811; x_wconf 89' lang='lat' dir='ltr'>quia</span> <span class='ocrx_word' id='word_1_524' title='bbox 1190 4722 1281 4794; x_wconf 90' lang='lat' dir='ltr'>Nam</span> <span class='ocrx_word' id='word_1_525' title='bbox 1298 4734 1333 4791; x_wconf 90' lang='lat' dir='ltr'>et</span> <span class='ocrx_word' id='word_1_526' title='bbox 1347 4720 1541 4813; x_wconf 86' lang='lat' dir='ltr'>quiesceret</span> <span class='ocrx_word' id='word_1_527' title='bbox 1555 4744 1664 4813; x_wconf 91' lang='lat' dir='ltr'>aqua,</span> <span class='ocrx_word' id='word_1_528' title='bbox 1690 4723 1717 4788; x_wconf 85' lang='lat' dir='ltr'>si</span> <span class='ocrx_word' id='word_1_529' title='bbox 1735 4744 1809 4790; x_wconf 89' lang='lat' dir='ltr'>non</span> <span class='ocrx_word' id='word_1_530' title='bbox 1826 4724 1971 4793; x_wconf 87' lang='lat' dir='ltr'>aliunde</span> <span class='ocrx_word' id='word_1_531' title='bbox 1987 4723 2181 4813; x_wconf 77' lang='lat' dir='ltr'>agitaretur</span> 
     </span>
     <span class='ocr_line' id='line_1_52' title="bbox 143 4815 2181 4915; baseline -0.002 -16"><span class='ocrx_word' id='word_1_532' title='bbox 143 4828 258 4899; x_wconf 92' lang='lat' dir='ltr'>multa</span> <span class='ocrx_word' id='word_1_533' title='bbox 276 4829 322 4897; x_wconf 89' lang='lat' dir='ltr'>ab</span> <span class='ocrx_word' id='word_1_534' title='bbox 336 4850 375 4896; x_wconf 94' lang='lat' dir='ltr'>ea</span> <span class='ocrx_word' id='word_1_535' title='bbox 393 4824 562 4894; x_wconf 83' lang='lat' dir='ltr'>beneficia</span> <span class='ocrx_word' id='word_1_536' title='bbox 575 4825 692 4894; x_wconf 87' lang='lat' dir='ltr'>statim</span> <span class='ocrx_word' id='word_1_537' title='bbox 709 4836 894 4915; x_wconf 90' lang='lat' dir='ltr'>postquam</span> <span class='ocrx_word' id='word_1_538' title='bbox 913 4821 951 4889; x_wconf 88' lang='lat' dir='ltr'>iu</span> <span class='ocrx_word' id='word_1_539' title='bbox 968 4815 1060 4889; x_wconf 84' lang='lat' dir='ltr'>banc</span> <span class='ocrx_word' id='word_1_540' title='bbox 1082 4821 1140 4889; x_wconf 91' lang='lat' dir='ltr'>lu-</span> <span class='ocrx_word' id='word_1_541' title='bbox 1191 4839 1226 4895; x_wconf 91' lang='lat' dir='ltr'>et</span> <span class='ocrx_word' id='word_1_542' title='bbox 1239 4823 1435 4906; x_wconf 85' lang='lat' dir='ltr'>inflaretur,</span> <span class='ocrx_word' id='word_1_543' title='bbox 1460 4844 1526 4891; x_wconf 88' lang='lat' dir='ltr'>uec</span> <span class='ocrx_word' id='word_1_544' title='bbox 1544 4835 1657 4910; x_wconf 90' lang='lat' dir='ltr'>posset</span> <span class='ocrx_word' id='word_1_545' title='bbox 1673 4835 1771 4892; x_wconf 88' lang='lat' dir='ltr'>tanta</span> <span class='ocrx_word' id='word_1_546' title='bbox 1788 4825 1946 4894; x_wconf 86' lang='lat' dir='ltr'>celeritas</span> <span class='ocrx_word' id='word_1_547' title='bbox 1959 4848 2032 4894; x_wconf 88' lang='lat' dir='ltr'>esse</span> <span class='ocrx_word' id='word_1_548' title='bbox 2048 4839 2181 4895; x_wconf 88' lang='lat' dir='ltr'>tremo-</span> 
     </span>
     <span class='ocr_line' id='line_1_53' title="bbox 141 4922 2184 5020; baseline -0.002 -19"><span class='ocrx_word' id='word_1_549' title='bbox 141 4954 222 5001; x_wconf 86' lang='lat' dir='ltr'>rem</span> <span class='ocrx_word' id='word_1_550' title='bbox 240 4928 325 4999; x_wconf 91' lang='lat' dir='ltr'>editi</span> <span class='ocrx_word' id='word_1_551' title='bbox 345 4952 485 5010; x_wconf 88' lang='lat' dir='ltr'>sumus,</span> <span class='ocrx_word' id='word_1_552' title='bbox 511 4925 713 5015; x_wconf 88' lang='lat' dir='ltr'>accipimus.</span> <span class='ocrx_word' id='word_1_553' title='bbox 766 4924 837 4996; x_wconf 89' lang='lat' dir='ltr'>Sed</span> <span class='ocrx_word' id='word_1_554' title='bbox 859 4922 985 4993; x_wconf 91' lang='lat' dir='ltr'>omitto</span> <span class='ocrx_word' id='word_1_555' title='bbox 1008 4945 1140 5006; x_wconf 87' lang='lat' dir='ltr'>causas,</span> <span class='ocrx_word' id='word_1_556' title='bbox 1192 4929 1261 5009; x_wconf 88' lang='lat' dir='ltr'>ris,</span> <span class='ocrx_word' id='word_1_557' title='bbox 1286 4926 1314 4993; x_wconf 87' lang='lat' dir='ltr'>si</span> <span class='ocrx_word' id='word_1_558' title='bbox 1335 4938 1473 4995; x_wconf 91' lang='lat' dir='ltr'>tantum</span> <span class='ocrx_word' id='word_1_559' title='bbox 1494 4924 1590 5006; x_wconf 82' lang='lat' dir='ltr'>tieret</span> <span class='ocrx_word' id='word_1_560' title='bbox 1611 4924 1888 4996; x_wconf 85' lang='lat' dir='ltr'>tumescentibus</span> <span class='ocrx_word' id='word_1_561' title='bbox 1906 4927 2028 5020; x_wconf 91' lang='lat' dir='ltr'>aquis,</span> <span class='ocrx_word' id='word_1_562' title='bbox 2054 4940 2088 4996; x_wconf 87' lang='lat' dir='ltr'>et</span> <span class='ocrx_word' id='word_1_563' title='bbox 2106 4950 2184 4998; x_wconf 89' lang='lat' dir='ltr'>sae-</span> 
     </span>
     <span class='ocr_line' id='line_1_54' title="bbox 145 5021 2184 5121; baseline -0.001 -18"><span class='ocrx_word' id='word_1_564' title='bbox 145 5043 285 5103; x_wconf 89' lang='lat' dir='ltr'>tautum</span> <span class='ocrx_word' id='word_1_565' title='bbox 309 5053 478 5112; x_wconf 85' lang='lat' dir='ltr'>vosoro,</span> <span class='ocrx_word' id='word_1_566' title='bbox 503 5040 544 5098; x_wconf 93' lang='lat' dir='ltr'>ut</span> <span class='ocrx_word' id='word_1_567' title='bbox 566 5050 648 5096; x_wconf 90' lang='lat' dir='ltr'>cum</span> <span class='ocrx_word' id='word_1_568' title='bbox 670 5026 804 5110; x_wconf 89' lang='lat' dir='ltr'>sciatis,</span> <span class='ocrx_word' id='word_1_569' title='bbox 830 5049 897 5095; x_wconf 88' lang='lat' dir='ltr'>nos</span> <span class='ocrx_word' id='word_1_570' title='bbox 918 5025 1140 5094; x_wconf 89' lang='lat' dir='ltr'>nondcbere</span> <span class='ocrx_word' id='word_1_571' title='bbox 1192 5027 1336 5119; x_wconf 88' lang='lat' dir='ltr'>pissime</span> <span class='ocrx_word' id='word_1_572' title='bbox 1352 5039 1444 5095; x_wconf 91' lang='lat' dir='ltr'>terra</span> <span class='ocrx_word' id='word_1_573' title='bbox 1461 5037 1695 5115; x_wconf 88' lang='lat' dir='ltr'>rumperetur.</span> <span class='ocrx_word' id='word_1_574' title='bbox 1732 5021 1783 5096; x_wconf 80' lang='lat' dir='ltr'>At</span> <span class='ocrx_word' id='word_1_575' title='bbox 1795 5049 1897 5118; x_wconf 90' lang='lat' dir='ltr'>saepe</span> <span class='ocrx_word' id='word_1_576' title='bbox 1914 5051 1988 5097; x_wconf 90' lang='lat' dir='ltr'>nou</span> <span class='ocrx_word' id='word_1_577' title='bbox 2004 5029 2184 5121; x_wconf 90' lang='lat' dir='ltr'>rumpitur</span> 
     </span>
     <span class='ocr_line' id='line_1_55' title="bbox 146 5123 2185 5222; baseline -0.001 -17"><span class='ocrx_word' id='word_1_578' title='bbox 146 5134 316 5222; x_wconf 78' lang='lat' dir='ltr'>defugere</span> <span class='ocrx_word' id='word_1_579' title='bbox 351 5131 577 5201; x_wconf 86' lang='lat' dir='ltr'>autoritatem</span> <span class='ocrx_word' id='word_1_580' title='bbox 613 5141 798 5220; x_wconf 87' lang='lat' dir='ltr'>pareutum</span> <span class='ocrx_word' id='word_1_581' title='bbox 835 5141 868 5196; x_wconf 88' lang='lat' dir='ltr'>et</span> <span class='ocrx_word' id='word_1_582' title='bbox 902 5127 1040 5214; x_wconf 73' lang='lat' dir='ltr'>legum,</span> <span class='ocrx_word' id='word_1_583' title='bbox 1085 5149 1141 5194; x_wconf 92' lang='lat' dir='ltr'>me</span> <span class='ocrx_word' id='word_1_584' title='bbox 1194 5131 1233 5198; x_wconf 86' lang='lat' dir='ltr'>in</span> <span class='ocrx_word' id='word_1_585' title='bbox 1259 5142 1373 5199; x_wconf 89' lang='lat' dir='ltr'>terrae</span> <span class='ocrx_word' id='word_1_586' title='bbox 1399 5128 1566 5196; x_wconf 85' lang='lat' dir='ltr'>motibus.</span> <span class='ocrx_word' id='word_1_587' title='bbox 1627 5123 1789 5196; x_wconf 70' lang='lat' dir='ltr'>&#39;l&#39;audem</span> <span class='ocrx_word' id='word_1_588' title='bbox 1820 5129 1930 5219; x_wconf 83' lang='lat' dir='ltr'>igitur</span> <span class='ocrx_word' id='word_1_589' title='bbox 1961 5132 2185 5221; x_wconf 84' lang='lat' dir='ltr'>pronunciat,</span> 
     </span>
     <span class='ocr_line' id='line_1_56' title="bbox 145 5223 2185 5326; baseline -0.001 -21"><span class='ocrx_word' id='word_1_590' title='bbox 145 5238 450 5326; x_wconf 84' lang='lat' dir='ltr'>obtemperantem</span> <span class='ocrx_word' id='word_1_591' title='bbox 475 5231 655 5300; x_wconf 88' lang='lat' dir='ltr'>carissimo</span> <span class='ocrx_word' id='word_1_592' title='bbox 679 5230 772 5322; x_wconf 89' lang='lat' dir='ltr'>patri</span> <span class='ocrx_word' id='word_1_593' title='bbox 789 5253 868 5299; x_wconf 88' lang='lat' dir='ltr'>mco</span> <span class='ocrx_word' id='word_1_594' title='bbox 887 5229 1063 5321; x_wconf 85' lang='lat' dir='ltr'>patienter</span> <span class='ocrx_word' id='word_1_595' title='bbox 1078 5249 1141 5296; x_wconf 90' lang='lat' dir='ltr'>au-</span> <span class='ocrx_word' id='word_1_596' title='bbox 1195 5252 1357 5319; x_wconf 79' lang='lat' dir='ltr'>magnam</span> <span class='ocrx_word' id='word_1_597' title='bbox 1381 5228 1517 5318; x_wconf 91' lang='lat' dir='ltr'>copiam</span> <span class='ocrx_word' id='word_1_598' title='bbox 1539 5223 1713 5298; x_wconf 88' lang='lat' dir='ltr'>balituum</span> <span class='ocrx_word' id='word_1_599' title='bbox 1740 5230 1911 5300; x_wconf 88' lang='lat' dir='ltr'>inclusam</span> <span class='ocrx_word' id='word_1_600' title='bbox 1935 5231 1973 5298; x_wconf 90' lang='lat' dir='ltr'>iu</span> <span class='ocrx_word' id='word_1_601' title='bbox 1996 5244 2109 5301; x_wconf 90' lang='lat' dir='ltr'>terrae</span> <span class='ocrx_word' id='word_1_602' title='bbox 2126 5256 2185 5303; x_wconf 87' lang='lat' dir='ltr'>ea·</span> 
     </span>
     <span class='ocr_line' id='line_1_57' title="bbox 145 5324 2186 5426; baseline 0.001 -21"><span class='ocrx_word' id='word_1_603' title='bbox 145 5337 266 5411; x_wconf 81' lang='lat' dir='ltr'>dialis.</span> <span class='ocrx_word' id='word_1_604' title='bbox 760 5360 803 5423; x_wconf 72' lang='lat'>·.⁴</span> <span class='ocrx_word' id='word_1_605' title='bbox 979 5410 985 5419; x_wconf 38' lang='grc'><strong>,</strong></span> <span class='ocrx_word' id='word_1_606' title='bbox 1063 5376 1066 5382; x_wconf 91' lang='lat'>·</span> <span class='ocrx_word' id='word_1_607' title='bbox 1195 5332 1334 5419; x_wconf 85' lang='lat' dir='ltr'>vernis,</span> <span class='ocrx_word' id='word_1_608' title='bbox 1358 5326 1685 5424; x_wconf 54' lang='lat' dir='ltr'>tauqusm‘ventos,</span> <span class='ocrx_word' id='word_1_609' title='bbox 1702 5352 1773 5401; x_wconf 81' lang='lat' dir='ltr'>sua</span> <span class='ocrx_word' id='word_1_610' title='bbox 1794 5331 1830 5400; x_wconf 87' lang='lat' dir='ltr'>vi</span> <span class='ocrx_word' id='word_1_611' title='bbox 1854 5331 2001 5423; x_wconf 71' lang='lat' dir='ltr'>agitari,</span> <span class='ocrx_word' id='word_1_612' title='bbox 2026 5324 2186 5426; x_wconf 70' lang='lat' dir='ltr'>etsgita-</span> 
     </span>
     <span class='ocr_line' id='line_1_58' title="bbox 195 5426 1573 5513; baseline -0.004 -6"><span class='ocrx_word' id='word_1_613' title='bbox 195 5443 376 5513; x_wconf 59' lang='lat' dir='ltr'>masura.</span> <span class='ocrx_word' id='word_1_614' title='bbox 401 5439 508 5511; x_wconf 78' lang='lat' dir='ltr'>Orsa.</span> <span class='ocrx_word' id='word_1_615' title='bbox 534 5426 617 5510; x_wconf 78' lang='lat' dir='ltr'>Vos.</span> <span class='ocrx_word' id='word_1_616' title='bbox 646 5434 694 5509; x_wconf 82' lang='grc' dir='ltr'>Χ.</span> <span class='ocrx_word' id='word_1_617' title='bbox 1522 5428 1573 5503; x_wconf 77' lang='lat'>63</span> 
     </span>
    </p>
   </div>
   <div class='ocr_carea' id='block_1_10' title="bbox 244 3296 531 3371">
    <p class='ocr_par' dir='ltr' id='par_1_10' title="bbox 244 3296 531 3371">
     <span class='ocr_line' id='line_1_59' title="bbox 244 3296 531 3371; baseline 0 -18"><span class='ocrx_word' id='word_1_618' title='bbox 244 3299 374 3357; x_wconf 78' lang='lat' dir='ltr'>Richard.</span> <span class='ocrx_word' id='word_1_619' title='bbox 386 3298 421 3354; x_wconf 90' lang='lat' dir='ltr'>T.</span> <span class='ocrx_word' id='word_1_620' title='bbox 433 3296 456 3354; x_wconf 87' lang='lat' dir='ltr'>l.</span> <span class='ocrx_word' id='word_1_621' title='bbox 473 3318 501 3371; x_wconf 83' lang='lat' dir='ltr'>p·</span> <span class='ocrx_word' id='word_1_622' title='bbox 514 3304 531 3353; x_wconf 74' lang='lat' dir='ltr'>s</span> 
     </span>
    </p>
   </div>
   <div class='ocr_carea' id='block_1_11' title="bbox 134 3444 1134 3848">
    <p class='ocr_par' dir='ltr' id='par_1_11' title="bbox 137 3444 1133 3548">
     <span class='ocr_line' id='line_1_60' title="bbox 137 3444 1133 3548; baseline -0.003 -24"><span class='ocrx_word' id='word_1_623' title='bbox 137 3456 319 3542; x_wconf 72' lang='lat' dir='ltr'>occassio</span> <span class='ocrx_word' id='word_1_624' title='bbox 342 3457 508 3525; x_wconf 77' lang='lat' dir='ltr'>recitato</span> <span class='ocrx_word' id='word_1_625' title='bbox 532 3473 558 3522; x_wconf 86' lang='grc' dir='ltr'><strong><em>α</em></strong></span> <span class='ocrx_word' id='word_1_626' title='bbox 575 3452 721 3524; x_wconf 79' lang='lat' dir='ltr'>Ponto</span> <span class='ocrx_word' id='word_1_627' title='bbox 749 3446 912 3538; x_wconf 77' lang='lat' dir='ltr'>Edere,</span> <span class='ocrx_word' id='word_1_628' title='bbox 945 3444 1045 3548; x_wconf 72' lang='lat' dir='ltr'>filio,</span> <span class='ocrx_word' id='word_1_629' title='bbox 1071 3447 1133 3521; x_wconf 86' lang='lat' dir='ltr'>dic</span> 
     </span>
    </p>

    <p class='ocr_par' dir='ltr' id='par_1_12' title="bbox 134 3549 1133 3649">
     <span class='ocr_line' id='line_1_61' title="bbox 134 3549 1133 3649; baseline -0.009 -18"><span class='ocrx_word' id='word_1_630' title='bbox 134 3555 199 3632; x_wconf 76' lang='grc'>26.</span> <span class='ocrx_word' id='word_1_631' title='bbox 217 3559 345 3649; x_wconf 83' lang='lat' dir='ltr'>Sept,</span> <span class='ocrx_word' id='word_1_632' title='bbox 372 3549 459 3626; x_wconf 77' lang='lat' dir='ltr'>cam</span> <span class='ocrx_word' id='word_1_633' title='bbox 481 3552 751 3625; x_wconf 78' lang='lat' dir='ltr'>decerneretur</span> <span class='ocrx_word' id='word_1_634' title='bbox 770 3550 914 3646; x_wconf 73' lang='lat' dir='ltr'>produc</span> <span class='ocrx_word' id='word_1_635' title='bbox 928 3554 1133 3625; x_wconf 79' lang='lat' dir='ltr'>Doctorum</span> 
     </span>
    </p>

    <p class='ocr_par' dir='ltr' id='par_1_13' title="bbox 137 3652 1134 3848">
     <span class='ocr_line' id='line_1_62' title="bbox 137 3652 1134 3753; baseline -0.008 -20"><span class='ocrx_word' id='word_1_636' title='bbox 137 3664 182 3733; x_wconf 78' lang='lat' dir='ltr'>tn</span> <span class='ocrx_word' id='word_1_637' title='bbox 200 3667 286 3731; x_wconf 81' lang='lat' dir='ltr'>orte</span> <span class='ocrx_word' id='word_1_638' title='bbox 306 3656 456 3732; x_wconf 79' lang='lat' dir='ltr'>medico</span> <span class='ocrx_word' id='word_1_639' title='bbox 478 3658 531 3728; x_wconf 88' lang='lat' dir='ltr'>M.</span> <span class='ocrx_word' id='word_1_640' title='bbox 557 3652 763 3753; x_wconf 76' lang='lat' dir='ltr'>laborant</span> <span class='ocrx_word' id='word_1_641' title='bbox 790 3679 814 3727; x_wconf 88' lang='lat' dir='ltr'>o</span> <span class='ocrx_word' id='word_1_642' title='bbox 839 3658 976 3745; x_wconf 83' lang='lat' dir='ltr'>Bert,</span> <span class='ocrx_word' id='word_1_643' title='bbox 1006 3656 1134 3727; x_wconf 80' lang='lat' dir='ltr'>Wese-</span> 
     </span>
     <span class='ocr_line' id='line_1_63' title="bbox 460 3756 813 3848; baseline 0 -18"><span class='ocrx_word' id='word_1_644' title='bbox 460 3758 596 3848; x_wconf 80' lang='lat' dir='ltr'>liensi,</span> <span class='ocrx_word' id='word_1_645' title='bbox 623 3781 687 3830; x_wconf 83' lang='lat' dir='ltr'>on.</span> <span class='ocrx_word' id='word_1_646' title='bbox 706 3756 813 3832; x_wconf 75' lang='lat' dir='ltr'>lasa.</span> 
     </span>
    </p>
   </div>
   <div class='ocr_carea' id='block_1_12' title="bbox 0 0 2311 5760">
    <p class='ocr_par' dir='ltr' id='par_1_14' title="bbox 0 0 2311 5760">
     <span class='ocr_line' id='line_1_64' title="bbox 0 0 2311 5760; baseline 0 0"><span class='ocrx_word' id='word_1_647' title='bbox 0 0 2311 5760; x_wconf 95' lang='lat' dir='ltr'> </span> 
     </span>
    </p>
   </div>
  </div>
 </body>
</html>
