4546 5760
108 172 184 246 711
461 124 464 137 '
697 154 1558 284 Quansrtonusacaoauman
1829 217 1841 233 ,
2076 164 2152 242 ns

113 358 187 406 non
213 334 328 404 solum
349 328 752 420 intelligamuserudite
768 328 863 402 dicta
885 349 1112 409 summorum
1158 331 1381 403 doctissimos
1400 329 1498 403 viros
1519 355 1561 403 ex
1575 328 1710 418 Scotis,
1735 332 1799 427 qui
1818 333 2049 426 interrogati,
2074 359 2152 406 con

112 433 322 515 hominum,
348 435 410 503 sed
432 433 537 503 etiam
561 444 602 502 ut
623 433 668 503 ad
691 446 852 503 nostrum
873 454 978 501 usum
994 455 1034 502 ac
1053 430 1108 499 vi·
1157 433 1441 527 respondissent,
1466 457 1502 504 se
1523 433 1651 505 afferre
1671 433 1911 528 Sapientiam,
1937 438 2090 508 miratus
2105 451 2154 509 est

112 555 183 610 tam
199 538 523 620 accommodemus,
550 546 585 603 et
598 547 695 606 extra
710 527 878 604 Scholam
898 557 940 602 ex
962 533 1107 624 pulvere
1158 536 1297 627 sapiens
1311 533 1499 628 Princeps,
1525 535 1621 607 viros
1634 560 1757 628 graves
1777 552 1916 610 tantum
1936 542 1980 610 de
1997 564 2034 611 se
2048 539 2153 633 pulli·

113 643 153 712 in
168 640 309 739 Solem,
335 653 370 708 et
385 639 483 708 velut
504 637 544 705 in
565 637 675 706 aciem
695 638 927 728 proferamus.
980 633 1108 705 Monet
1159 637 1248 723 ceri,
1271 652 1305 708 et
1320 638 1480 728 cogitans
1494 661 1659 728 magnam
1681 663 1754 710 esse
1774 665 1914 712 causam
1936 637 2048 713 huius
2069 665 2152 712 con·

113 759 230 816 autem
245 766 310 811 nos
325 738 410 810 haec
426 737 598 810 sententia
613 739 658 807 de
673 739 835 808 maximis
858 740 981 823 rebus,
1006 736 1107 806 vide-
1159 740 1249 826 sitii,
1283 738 1450 828 Quaerit,
1476 741 1540 834 qui
1560 741 1651 827 sint,
1684 756 1718 812 et
1740 746 1839 813 unde
1861 745 2024 834 gentium
2049 745 2154 815 adve-

113 848 211 931 licet,
239 845 304 938 qui
327 845 478 914 debeant
504 864 578 912 esse
601 841 731 929 gradus
758 840 798 908 in
819 838 1107 932 Rebuspublicis,
1158 842 1278 928 uiant,
1302 842 1352 912 ait
1370 841 1440 913 sibi
1455 843 1597 913 nullum
1613 868 1742 915 munus
1758 845 1879 916 afferri
1894 847 2028 936 gratian
2044 869 2153 941 posse,

33 957 37 961 ’
115 963 149 1019 et
167 972 210 1017 ne
227 943 414 1016 harmonia
431 945 492 1013 illa
510 945 685 1027 turbetur,
710 965 813 1014 suum
830 943 958 1035 cuique
976 964 1107 1010 munus
1159 969 1267 1037 quam
1283 942 1513 1037 Sapientiam,
1530 945 1651 1040 siquid
1663 948 1752 1018 utile
1767 950 1873 1019 rebus
1887 943 2057 1020 humanis
2072 973 2153 1043 pro-

116 1052 306 1140 diligenter
337 1045 545 1117 obeundum
578 1068 663 1117 esse.
722 1041 771 1115 Et
796 1045 965 1138 quoniam
993 1066 1107 1114 unum
1160 1048 1337 1119 fiteantur.
1391 1045 1447 1117 lbi
1464 1049 1692 1139 respondent,
1717 1049 1892 1122 seScotos
1908 1075 2001 1138 esse,
2026 1064 2177 1122 etcum

114 1154 295 1248 quoddam
317 1142 489 1242 σύστημα
508 1161 580 1228 est,
606 1160 839 1239 attemperare
862 1146 1107 1238 unusquisque
1142 1175 1143 1178 ¹
1159 1149 1339 1219 audissent
1353 1148 1470 1239 ipsum
1483 1149 1614 1220 virtute
1630 1166 1664 1223 et
1679 1153 1836 1243 potentia
1852 1155 2021 1224 excellere
2036 1152 2156 1223 omni·

93 1279 214 1351 ¹suam
242 1247 466 1321 harmoniam
491 1249 536 1318 ad
564 1249 715 1319 aliarum
745 1272 872 1319 vocum
900 1248 1109 1341 proportio-
1159 1253 1226 1321 bus
1244 1248 1424 1340 Regibus,
1457 1264 1492 1321 et
1516 1264 1635 1322 tamen
1655 1249 1772 1323 adhuc
1794 1250 1944 1327 Scholas
1968 1256 2001 1326 ei
2026 1257 2155 1340 deesse,

114 1382 219 1441 nem,
245 1349 313 1423 hoc
338 1366 409 1433 est,
433 1353 480 1422 ad
505 1351 658 1422 aliorum
682 1351 872 1422 utilitatem
890 1365 925 1422 et
946 1363 1107 1420 mutuam
1160 1377 1196 1424 se
1220 1355 1409 1423 consilium
1435 1353 1548 1445 ipsius
1572 1355 1727 1425 adeundi
1750 1357 1899 1448 cepisse,
1924 1373 1965 1429 ut
1988 1382 2073 1428 eum
2094 1356 2155 1428 ad.

115 1457 341 1530 concordiam
364 1456 479 1524 debet.
531 1452 713 1541 Quantam
736 1449 823 1523 haec
845 1453 919 1521 vim
942 1447 1108 1536 habeant,
1159 1452 1389 1526 hortarentur
1405 1457 1449 1524 ad
1467 1451 1616 1526 Scholas
1633 1458 1908 1543 constituendas,
1934 1483 2046 1553 eaque
2065 1460 2104 1529 in
2119 1481 2155 1530 rc

114 1563 154 1632 iu
167 1557 345 1631 Ecclesiae
361 1556 521 1649 exemplo
540 1557 644 1626 facile
659 1556 816 1648 conspici
832 1568 957 1646 potest.
1004 1551 1107 1626 Reli·
1161 1557 1377 1650 pollicentur
1394 1581 1538 1648 operam
1553 1582 1666 1644 suam,
1691 1574 1730 1629 ut
1748 1560 1871 1631 literae
1886 1585 2010 1632 rursus
2025 1562 2067 1632 in
2081 1557 2155 1631 Eu-

115 1687 206 1758 quae
235 1673 320 1732 snut
342 1659 478 1733 multae¹
498 1673 532 1729 et
554 1681 677 1747 graves
699 1658 956 1751 disputationes
975 1650 1045 1725 hoc
1069 1656 1109 1724 in
1160 1685 1285 1751 ropam
1299 1673 1589 1753 propagarentur,
1615 1684 1705 1754 quae
1720 1662 1765 1731 ad
1781 1661 1817 1732 id
1833 1676 1971 1754 tempus
1985 1664 2026 1734 in
2041 1662 2155 1735 Sooo’a

114 1767 192 1837 loco
207 1761 384 1846 Platonis,
410 1784 497 1855 quas
513 1761 658 1846 omitto,
685 1774 719 1830 et
734 1774 844 1831 totam
858 1754 1107 1828 hanccausam
1161 1775 1298 1832 tantum
1327 1761 1561 1835 delituissent.
1619 1761 1770 1834 Carolus
1802 1766 2003 1837 collaudato
2032 1789 2155 1836 eorum

12 1947 15 1950 g
114 1865 321 1957 diligentius
346 1863 589 1952 explicandam
603 1863 808 1934 doctissimo
831 1861 910 1931 viro
927 1859 973 1935 D.
989 1858 1109 1949 Magi·
1160 1863 1309 1934 consilio
1327 1858 1521 1932 honorifice
1536 1886 1595 1934 eos
1609 1865 1754 1956 excepit.
1781 1863 1893 1961 quue
1909 1867 2156 1940 dieuntfuisse

115 1984 188 2041 stro
207 1960 429 2037 Alexandro
443 1961 570 2036 Alesia
584 1967 805 2036 commendo.
852 1960 949 2034 Diri.
1162 1965 1306 2036 initium
1334 1961 1547 2036 Academiae
1574 1963 1805 2054 Parisiensis‚
1844 1983 1878 2039 et
1909 1971 2001 2040 alter
2031 1994 2075 2039 ex
2098 1963 2156 2040 his

351 2146 359 2163 ,
716 2145 725 2162 ,
858 2143 887 2161 Η
994 2142 1003 2158 ‚
1161 2064 1336 2138 Alcuinus
1358 2068 1445 2150 fuit,
1476 2067 1579 2137 cuius
1602 2083 1721 2139 eatam
1744 2069 1847 2155 libri,
1880 2095 1989 2163 quem
2012 2083 2157 2164 apparet

197 2147 378 2261 Responsio
399 2144 453 2214 M·
483 2143 724 2214 Ale-'candi'
745 2143 886 2212 11th
912 2142 1013 2211 3⁶⁰l2·
1160 2167 1290 2241 Carolo
1315 2181 1459 2261 propter
1484 2169 1683 2240 doctrinam
1702 2172 2156 2247 fuisselamiliari'ssimum·

215 2272 286 2342 Hic
302 2273 400 2342 locus
414 2296 489 2340 non
506 2283 557 2339 est
571 2282 674 2362 aptus
689 2267 866 2361 copiosius
880 2265 1109 2359 explicandae
1161 2267 1387 2362 Oegregiam
1405 2270 1575 2343 virtutem
1589 2270 1722 2345 Cal-015,
1780 2272 1851 2345 Ηῑο
1867 2277 1962 2344 enim
1981 2301 2063 2346 mm
2077 2273 2156 2348 Re,

115 2376 372 2448 eruditissimae
396 2372 557 2443 Platonis
586 2371 799 2454 sententiae,
837 2391 954 2462 neque
985 2367 1109 2459 deplo-
1160 2389 1269 2458 esset,
1308 2388 1426 2445 tamffl
1460 2369 1555 2443 hanc
1584 2372 1846 2446 Geometricam
1885 2378 2155 2470 proportionem

112 2479 236 2551 randis
251 2474 428 2548 Ecclesiae
444 2490 478 2546 et
493 2472 726 2566 Reipublicae
743 2471 1012 2542 calamitatibus.
1061 2464 1108 2538 Et
1161 2475 1391 2554 conservavit,
1409 2477 1649 2566 detegttviros
1662 2480 1796 2563 doctos,
1813 2479 1945 2572 quibus
1960 2479 2156 2570 cumregni

113 2581 226 2653 oratio
252 2593 315 2658 tua
334 2578 520 2651 renovavit
541 2571 633 2645 mihi
655 2575 921 2645 acerbissimum
937 2571 1109 2655 dolorem,
1161 2577 1504 2648 administrationem
1527 2579 1814 2652 communicaret.
1871 2580 1977 2653 Nunc
1996 2584 2060 2654 isti
2082 2581 2156 2678 Ty-

113 2709 185 2778 quo
203 2682 356 2764 afficior,
382 2681 520 2773 quoties
542 2678 581 2745 in
606 2690 761 2746 mentem
779 2676 877 2746 venit
891 2675 966 2744 eius
981 2674 1108 2744 crude-
1161 2681 1266 2751 ranni
1283 2674 1376 2748 nihil
1389 2682 1544 2751 oderunt
1558 2682 1728 2767 acerbius,
1754 2709 1861 2776 quam
1878 2684 2010 2759 literas,
2042 2684 2156 2756 Porro

112 2785 242 2869 litatis,
274 2806 364 2876 quae
397 2783 436 2850 in
467 2805 543 2849 mea
570 2779 684 2870 patria
715 2780 884 2847 adversus
911 2772 1109 2845 Ecclesiam
1161 2784 1205 2852 ad
1232 2782 1475 2875 explicandam
1502 2796 1599 2852 tuam
1624 2786 1868 2877 quaestionem
1892 2810 1983 2879 opus
2013 2801 2091 2858 erat
2113 2789 2156 2858 dc

114 2899 307 2958 exercetur.
359 2881 471 2954 Multi
488 2882 585 2951 ducti
601 2894 635 2950 et
651 2879 738 2951 boni
754 2880 823 2948 viri
837 2877 1110 2961 interficiuntur,
1160 2883 1451 2976 proportionibus
1473 2885 1608 2970 dicere,
1640 2888 1702 2979 qui
1717 2887 1825 2958 ¹locus
1849 2883 1908 2959 hic
1935 2912 2013 2960 non
2041 2902 2156 2981 potest

114 2988 220 3060 multi
234 2986 373 3057 nobiles
388 2984 581 3055 eiiciantur
595 3007 637 3054 ex
651 2983 765 3075 patria
781 2982 820 3049 in
836 2981 1001 3064 exilium,
1027 3003 1108 3047 cum
1161 2986 1290 3077 exponi
1304 3000 1409 3059 totus.
1447 2983 1530 3055 ldeo
1544 2987 1754 3058 differemus
1770 2985 1862 3060 hanc
1877 2991 2155 3084 disputationem

113 3090 324 3181 coniugibus
346 3103 380 3157 et
403 3087 519 3178 parvis
540 3086 685 3170 liberis,
716 3097 750 3153 et
772 3082 871 3176 prius
900 3082 1110 3151 adimuntur
1160 3088 1200 3155 io
1214 3088 1312 3156 aliud
1329 3101 1468 3180 tempus
1484 3090 1718 3163 commodius,
1769 3090 1870 3164 Dixi,

114 3196 164 3266 eis
188 3193 389 3275 facultates,
415 3190 611 3259 inuruntur
632 3187 795 3274 stigmata
813 3182 986 3254 matronis
1002 3181 1108 3250 nobi-

113 3298 224 3380 libus,
250 3293 476 3387 perforantur
502 3290 644 3379 linguae
662 3288 833 3358 candente
856 3287 965 3357 ferro.
1004 3279 1107 3354 ‘Cum
2024 3346 2027 3351 ,

113 3401 315 3469 educuntur
332 3396 378 3464 ad
401 3415 527 3482 rogum
546 3389 713 3463 destinati
731 3389 825 3478 igni,
851 3389 1107 3480 praeciduntur
1175 3425 1229 3496 No
1268 3432 1314 3502 12
1879 3438 1920 3499 17
1948 3438 1981 3502 Α
2048 3441 2066 3502 ¹

116 3501 166 3570 eis
180 3501 340 3589 linguae,
366 3520 412 3565 ne
430 3496 551 3565 dicant
573 3494 617 3563 ad
640 3492 825 3585 populum.
878 3489 938 3562 Sic
954 3487 1109 3558 saevitur
1168 3480 1340 3554 »0⁰⁶2
1859 3440 2153 3578 Mo,

114 3603 153 3671 in
177 3599 340 3670 homines
361 3600 588 3682 innocentes,
621 3595 651 3664 si
679 3595 743 3689 qui
764 3595 934 3664 dicuntur
953 3591 1108 3683 aliquem
1227 3626 1258 3681 ,ο
1278 3629 1390 3697 Quaen.
1412 3648 1438 3700 p.
1459 3627 1525 3685 aab.
1545 3648 1605 3700 sqq.
1654 3630 1725 3683 „em
1746 3629 1775 3683 3„
1800 3629 1934 3685 Metaon.
1957 3633 2066 3689 eomtt.
2090 3632 2154 3694 M

113 3705 341 3774 manifestum
375 3702 525 3769 abusum
557 3698 682 3767 leviter
714 3690 995 3786 reprehendisse.
1053 3691 1109 3762 lbi
1265 3718 1293 3771 p.
1307 3701 1367 3754 266.

113 3830 197 3876 vere
231 3816 394 3895 apparet,
437 3798 683 3894 Tyrannidem
717 3795 1000 3866 inimicissimam
1035 3817 1109 3863 esse

113 3905 327 4025 EPP¹⁸⁵5³⁰2
353 3903 436 3974 Non
465 3901 561 3971 enim
590 3900 689 3970 aliud
705 3912 827 4017 ‘agarnt
852 3897 907 3966 illi
933 3894 1110 4014 Tyranni,
1187 3955 1248 4018 aa
1292 3949 1306 4018 l
1359 3953 1368 3969 ,
1444 3945 1461 3994 9
1555 3951 1623 4017 ‚tm
1719 3949 1748 4017 G
1876 3952 1884 3968 .
2100 3959 2109 3976 ⁸

114 4034 185 4078 n1s1
200 4024 239 4079 ot
254 4021 438 4077 verrtatem
453 4027 597 4095 prorsus
611 4014 826 4094 opprrmant.
860 3996 910 4070 At
926 4012 1108 4069 veritatem
1250 3969 1290 4018 ’Ὃ
1306 3970 1451 4046 ‘'mccl‘'
1485 3969 1561 4017 rem
1626 3969 1651 4018 α
1671 3969 1696 4017 ⁰
1756 3969 1913 4044 ⁰⁰f9⁸⁰
1938 3951 2132 4028 ῙΜΟῙΗ·

114 4112 265 4181 maxime
288 4108 461 4178 illustrari
485 4105 644 4198 oportuit
665 4103 711 4174 ab
739 4097 814 4188 his,
848 4101 912 4196 qui
941 4113 1109 4194 praesunt
1288 4072 1354 4122 ”⁸⁰
1380 4049 1604 4140 Rheuw’
1641 4046 1680 4119 ‘l‘
1700 4045 1891 4143 ¹⁷·Al'rll·
1914 4050 2029 4128 ¹53⁶·

114 4210 303 4285 Ecclesiae·
915 4234 917 4237 ·
1161 4184 1320 4291 Semper
1345 4199 1384 4267 in
1407 4199 1575 4268 omuibus
1598 4200 1705 4269 rebus
1726 4212 1900 4291 quantum
1925 4203 2047 4291 potui,
2073 4204 2153 4275 dedi

196 4309 343 4385 Adhaec
358 4312 445 4406 quid
461 4312 579 4379 minus
592 4306 759 4377 convenit
772 4305 988 4397 pastoribus,
1003 4327 1107 4395 quam
1160 4326 1323 4394 operam,
1347 4314 1478 4371 utnon
1494 4301 1611 4372 solum
1626 4301 1738 4371 officia
1757 4326 1849 4388 mea,
1875 4306 1935 4373 sed
1954 4306 2064 4375 etiam
2077 4331 2156 4376 mo-

116 4418 220 4509 lupos
242 4439 315 4487 esse
340 4413 461 4505 gregi?
512 4410 611 4499 Quid
634 4409 753 4479 minus
779 4407 946 4478 convenit
972 4399 1109 4474 Christi
1160 4428 1215 4473 res
1243 4404 1313 4472 mei
1336 4403 1438 4472 vohis
1462 4405 1707 4494 probarentur.
1759 4401 1831 4473 Nec
1852 4406 2044 4501 quicquam
2067 4403 2155 4478 mihi

64 4529 66 4533 ’
114 4519 298 4603 ministro,
325 4541 432 4611 quam
453 4516 609 4583 membra
623 4506 759 4583 Christi
781 4508 1001 4581 interlicere?
1033 4505 1108 4576 lam
1160 4506 1321 4576 acerbius
1342 4507 1498 4576 accidere
1522 4521 1652 4598 posset,
1679 4529 1784 4598 quam
1801 4506 1883 4577 siin
1904 4534 1961 4578 me
1979 4512 2152 4602 pudorem

115 4616 183 4689 hoc
202 4622 313 4709 magis
335 4617 573 4688 miserandum
593 4627 660 4699 est,
693 4626 830 4684 tantum
856 4634 928 4682 esse
949 4613 1107 4681 furorem
1160 4623 1194 4680 et
1207 4609 1414 4679 modestiam
1428 4609 1621 4678 desiderari
1634 4608 1880 4697 intelligerem.
1912 4607 2035 4699 Quare
2048 4616 2153 4684 modo

117 4723 324 4813 pontificum
347 4721 384 4788 in
415 4746 454 4790 ea
477 4718 616 4801 lnsula,
649 4738 739 4809 quae
763 4715 944 4808 quondam
968 4711 1108 4783 Galliae
1160 4713 1281 4797 etiam,
1308 4736 1388 4782 cum
1411 4712 1553 4803 publica
1578 4712 1795 4780 consuetudo
1818 4707 1907 4781 mihi
1927 4713 1966 4782 in
1990 4709 2154 4786 hocloco

116 4839 220 4916 atque
238 4821 451 4894 Germaniae
474 4821 638 4909 magistra
663 4816 846 4907 religionis
867 4817 955 4900 tuit,
980 4840 1022 4884 ex
1037 4839 1105 4906 qua
1159 4814 1303 4884 dicendi
1318 4813 1558 4884 necessitatem
1575 4812 1804 4905 imposuerit,
1827 4838 1890 4884 vos
1907 4839 2015 4907 rogo,
2043 4831 2084 4890 ut
2098 4841 2154 4887 me

115 4927 211 4996 velut
235 4923 406 4997 Coloniae
428 4917 577 4994 Scholae
590 4923 639 5005 ,in
662 4916 799 4990 Gallias
822 4933 854 4988 et
877 4915 1106 4991 Germaniam
1159 4917 1274 4986 officio
1292 4916 1427 5008 potius,
1451 4938 1557 5008 quam
1573 4913 1706 5003 ingenii
1724 4915 1853 4985 fiducia
1871 4919 2065 4989 adductum
2082 4919 2155 4990 exi·

115 5031 283 5099 deductae
308 5039 409 5111 sunt,
436 5050 525 5118 quae
550 5020 744 5114 hospitium
763 5020 875 5093 literis
898 5020 1010 5109 pulsis
1032 5030 1106 5089 tota
1159 5019 1328 5103 stimetis,
1360 5017 1459 5090 utin
1483 5011 1548 5087 hac
1572 5041 1701 5109 pompa
1722 5012 1787 5087 has
1810 5034 1926 5108 partes
1950 5022 2155 5113 reciperem.

113 5127 259 5222 Europa
273 5129 447 5221 praebuit,
474 5152 601 5220 easque
615 5138 735 5216 postea
752 5123 954 5215 tranquillis
970 5136 1104 5212 tempo·
1157 5118 1320 5215 Cumque
1340 5135 1384 5192 ut
1407 5143 1528 5210 spero,
1556 5109 1626 5210 vpro
1655 5115 1876 5190 humanitate
1900 5136 1936 5193 et
1962 5124 2153 5214 prudentia

114 5235 213 5302 ribus
231 5255 354 5302 rursus
372 5230 566 5300 liberaliter
581 5227 660 5298 aliis
675 5225 886 5319 impertivit,
939 5223 1107 5314 Legimus
1158 5238 1272 5294 vestra
1296 5223 1451 5292 officium
1477 5246 1595 5291 meum
1618 5222 1833 5315 probabitis,
1860 5249 1991 5317 quaeso
2013 5242 2056 5297 ut
2076 5251 2155 5298 ura·

114 5335 208 5403 enim
231 5338 277 5406 ad
296 5332 466 5406 Carolum
485 5354 654 5422 maguum
678 5325 833 5401 Parisios
855 5327 993 5400 venisse
1014 5327 1105 5396 duos
1157 5325 1291 5396 tionem
1324 5325 1430 5397 etiam
1452 5348 1576 5420 -aequo
1611 5325 1732 5399 annno
1764 5326 1929 5399 audiatis.
1986 5325 2155 5421 Agnosco

1188 3847 1385 3928 Quaestio:
1426 3844 1605 3940 asclepas
1633 3840 1818 3915 damnent
1846 3844 2130 3937 praedictiones
