4546 5760
149 164 227 237 977
433 207 435 211 «
640 154 950 253 bonoculo
975 155 1052 241 ΕΤ
1083 148 1318 243 ottovtts,
1341 146 1702 241 CONCIONES,
2099 153 2186 245 978,

144 333 266 407 docuit
289 355 353 403 nos
369 330 453 426 quid
470 330 515 404 sit
528 327 643 418 Deus,
668 330 849 416 videlicet,
876 353 978 401 mens
992 342 1132 400 aeterna
1289 319 1355 393 Est
1380 321 1489 413 igitur
1510 323 1590 392 sons
1613 321 1700 391 iuris
1722 320 1856 407 nostri,
1880 336 1920 393 ut
1943 323 2035 410 dixi,
2059 324 2174 418 imago

144 452 179 509 et
193 438 379 505 immensa:
401 449 435 506 et
452 433 565 528 qualis
580 434 639 518 sit,
664 433 829 504 videlicet
844 433 994 523 sapiens,
1019 454 1135 514 veras,
1186 426 1246 495 illa
1264 423 1343 498 Dei.
1393 424 1469 495 Sed.
1480 428 1642 495 accedere
1661 436 1800 512 oportet
1823 425 2020 515 sapientum
2044 427 2174 517 guber-

144 560 268 614 amans
286 536 499 626 castitatem,
524 549 560 605 et
577 535 767 618 iustitiam,
791 534 829 603 id
846 548 916 618 est,
940 533 1135 625 aequalita-
1185 541 1349 596 natorum
1367 526 1567 607 consilium,
1588 526 1649 618 qui
1666 523 1740 593 Deo
1756 539 1888 595 mentes
1904 552 2024 597 eorum
2044 528 2173 618 guber·

144 652 230 722 tem,
257 637 417 708 tribuens
430 637 590 731 aequalia
603 636 821 729 aequalibus,
843 635 920 705 sine
934 633 1134 723 acceptione
1185 642 1312 711 nante,
1343 628 1511 716 sagaciter
1534 626 1629 694 illam
1657 626 1695 694 in
1724 640 1847 697 natura
1879 622 2034 699 hominis
2059 629 2173 700 lucem

145 763 395 832 personarum,
423 740 516 809 bona
538 738 663 819 bonis,
691 737 782 806 mala
807 736 930 819 malis,
953 733 1133 804 liberrime
1184 742 1345 803 cernunt.
1398 726 1437 797 ld
1454 752 1595 822 quoque
1611 725 1680 797 Dei
1697 752 1785 819 opus
1802 742 1864 814 est,
1889 743 2024 800 mentes
2043 730 2172 821 guber-

143 865 265 932 agens:
299 841 474 929 benefica,
499 851 644 930 paterna
660 841 800 935 στοργῇ
814 836 1049 929 complectens
1066 830 1133 907 hu·
1183 845 1348 901 natorum
1375 854 1512 920 regere,
1541 843 1581 898 ut
1605 853 1687 899 vera
1716 845 1751 901 et
1779 828 1869 900 iusta
1893 827 2172 922 deprehendant,

145 943 263 1026 milia,
294 942 444 1031 diligens
467 937 630 1013 homines
650 953 689 1011 ut
712 940 897 1023 conditor,
930 934 1132 1029 praesertim
1182 933 1273 1001 sient
1287 933 1455 1003 Salomon
1471 931 1603 1025 inquit:
1629 929 1801 1001 Divinant
1817 930 1910 1003 labia
1928 933 2030 1022 regis,
2055 932 2091 1003 id
2110 949 2172 1021 est,

144 1043 232 1113 illud
249 1066 337 1134 opus
355 1042 492 1132 diligit,
516 1045 612 1136 quod
630 1034 742 1111 voluit
764 1063 837 1123 esse
851 1064 949 1109 suam
967 1039 1133 1127 effigiem:
1183 1033 1256 1105 Deo
1272 1034 1510 1124 gubernante,
1537 1045 1688 1102 cernunt
1711 1045 1745 1102 et
1763 1032 1900 1128 eligunt
1917 1059 1996 1103 vera
2015 1047 2051 1105 et
2071 1035 2173 1108 iusta.

145 1158 182 1214 et
196 1144 377 1233 ilagitans,
402 1158 443 1213 ut
457 1158 576 1215 nostra
591 1165 690 1213 mens
705 1153 740 1212 et
757 1143 921 1223 voluntas
938 1151 1135 1229 congruant
1286 1149 1406 1242 ltaque
1438 1149 1531 1240 leges
1561 1148 1791 1240 imperiorum
1826 1165 2060 1239 congruente,
2087 1175 2168 1223 cum

144 1270 224 1317 cum
241 1267 306 1315 sua
322 1258 438 1314 mente
455 1257 490 1315 et
504 1245 697 1318 voluntate.
712 1326 718 1343 ,Δ
787 1324 790 1331 ¹
1183 1251 1334 1340 imagine
1363 1248 1449 1335 Dei,
1490 1250 1594 1321 insita
1628 1246 1793 1320 humanis
1822 1252 2019 1338 mentibus,
2049 1278 2171 1326 revera

245 1361 351 1436 Hanc
384 1361 630 1435 admirandam
661 1343 871 1451 sapientiam
907 1357 1057 1449 legimus
1094 1380 1135 1426 ac
1183 1342 1473 1423 sunt'sententiae
1490 1352 1652 1437 divinae,
1675 1366 1710 1423 et
1726 1351 1911 1443 explicatio
1928 1354 2014 1444 legis
2027 1352 2106 1430 Dei.

144 1463 315 1533 discimus
340 1463 381 1533 in
397 1463 471 1556 ipsa
496 1462 777 1535 consideratione
800 1455 984 1570 humanaq
994 1459 1132 1530 mentis.
1194 1540 1208 1545 ..
1284 1458 1390 1559 Qu'od
1408 1496 1489 1541 cum
1504 1470 1727 1541 verissimum
1742 1471 1804 1555 ait,
1830 1472 2171 1547 excitemuranimo,

143 1563 218 1637 Nec
232 1565 305 1636 ulla
319 1559 507 1634 hominum
521 1578 581 1635 aut
594 1565 803 1653 angelorum
817 1563 1020 1658 eloquentia
1037 1575 1133 1631 tanta
1183 1585 1322 1645 nostroe
1344 1574 1388 1642 ad
1411 1597 1568 1643 amorem
1588 1587 1623 1643 er
1636 1573 1870 1642 reverentiam
1890 1574 2024 1662 legum:
2052 1573 2171 1647 simus

144 1680 213 1750 etl,
231 1687 321 1760 quoe
343 1665 560 1736 ooliodicere
581 1663 708 1758 possit,
733 1678 905 1759 qnantum
927 1658 1135 1734 sithocde-
1183 1675 1271 1764 grati
1288 1672 1384 1758 Deo,
1409 1676 1507 1768 quod
1525 1674 1630 1744 nobis
1656 1668 1746 1765 hanc
1765 1673 1880 1744 lucem
1899 1671 2171 1766 dedit,'eteam
2218 1758 2220 1763 ,

145 1789 225 1850 ous,
251 1767 346 1860 quod
361 1763 467 1839 Dens,
482 1761 551 1836 hoc
570 1781 670 1839 tanto
691 1789 855 1846 munere,
882 1779 917 1835 et
928 1779 1024 1835 tanta
1046 1764 1135 1848 lure,
1183 1776 1274 1860 meri
1290 1777 1502 1848 studeamus,

145 1867 402 1951 similimdino,
419 1879 462 1939 'et
476 1866 642 1939 societate
657 1890 739 1938 suae
754 1866 883 1938 mentis
900 1889 965 1935 nos
983 1865 1135 1939 ornavit.
1268 1892 1387 1963 pum,
1400 1906 1452 1963 e„
1464 1884 1771 1988 ;„,n,m},;1;,·)‚
1792 1903 2017 1965 contemne„
2032 1895 2171 1986 apim,

156 2077 163 2089 ·
191 2010 194 2017 ·
248 1982 320 2091 Sed
345 1979 575 2076 prohdolor,
597 2006 677 2054 non·
694 1978 1135 2074 ospicimtlbhonclmossl·
1184 1995 1269 2066 tiam
1289 1992 1374 2064 Dei:
1398 2009 1431 2063 et
1455 1994 1674 2084 perniciosus
1697 1995 1797 2064 iuror
1817 2008 1890 2079 est,
1913 1996 1996 2091 quia
2019 1996 2184 2069 tertiari·-

116 2087 120 2098 ’
144 2107 246 2155 nemt
270 2106 337 2156 nec
357 2087 617 2157 contemnimus
632 2099 792 2172 ionium,
812 2087 873 2155 ted
889 2085 995 2156 ellam
1010 2086 1137 2156 obtul·
1185 2120 1262 2167 mae
1275 2120 1408 2188 poenae
1422 2089 1513 2169 hanc
1527 2096 1719 2165 amentiam
1740 2095 1965 2170 comitantur,
2013 2092 2071 2168 Ac
2093 2099 2171 2169 dia.

143 2207 225 2257 nrus
239 2208 350 2256 coeno
365 2201 399 2259 et
415 2189 640 2258 stercoribus.
807 2192 811 2223 ²
1184 2197 1287 2268 bolus
1311 2199 1494 2269 confirmat
1521 2192 1618 2267 bunc
1632 2198 1788 2268 furorem
1804 2195 1843 2265 in
1860 2197 1998 2283 multis,
2023 2210 2064 2270 ot
2078 2197 2171 2291 leges

247 2305 377 2393 Fulget
399 2305 438 2373 in
460 2317 578 2375 mente
601 2303 733 2374 noticia
755 2303 860 2374 insita
883 2301 1015 2392 aDeo,
1040 2306 1134 2399 qnod
1184 2298 1414 2385 audacissime
1428 2311 1666 2370 contemnant.
1713 2297 1785 2371 Sed
1798 2297 1947 2368 studiosi
1957 2314 1996 2389 et
2011 2301 2173 2389 modesti,

143 2405 192 2485 sit
213 2401 332 2488 Deus,
357 2420 449 2477 recte
470 2405 636 2476 iacientes
657 2405 860 2497 adprobans
882 2419 916 2477 et
934 2408 1136 2492 defendens,
1185 2422 1305 2477 causas
1339 2401 1581 2487 considerent,
1613 2401 1710 2477 unde
1740 2398 1787 2469 sit
1820 2394 1905 2469 haec
1937 2403 2170 2489 contumacia,

143 2519 287 2577 econtra
301 2529 386 2589 vero
405 2506 775 2601 sceleratospuniens.
1188 2525 1335 2595 eamque
1352 2503 1467 2572 odisse
1486 2503 1639 2590 discant,
1663 2515 1697 2572 et
1712 2496 1828 2570 Deum
1853 2516 2012 2572 autorem
2035 2505 2172 2593 generis

249 2620 300 2694 A,
321 2618 493 2714 Epicurei
522 2637 720 2716 pussnanoe,
744 2649 825 2695 ,um
847 2619 922 2703 h„
944 2625 1021 2716 ip„
1047 2627 1136 2707 pne„
1185 2597 1333 2722 humani
1349 2616 1539 2698 quaerant,
1565 2617 1599 2674 et
1622 2603 1714 2692 leges
1736 2616 1927 2693 agnoscant
1941 2600 2009 2672 Dei
2032 2604 2173 2697 sapien-

144 2723 314 2806 [oranter
337 2724 540 2816 disputant,
581 2725 717 2795 nullam
753 2750 829 2798 esse
861 2722 1137 2819 providentiam}
1185 2718 1270 2776 ΜΨ
1287 2729 1372 2779 ‘⁸⁸0·
1776 2805 1786 2822 ‚

144 2822 226 2897 Lux
253 2824 375 2895 divina
400 2826 519 2911 docet,
549 2849 625 2895 non
655 2849 729 2895 esse
758 2826 965 2920 rapiendam
989 2830 1136 2913 alterins
1239 2906 1249 2927 ο
1284 2805 1393 2925 iluna
1410 2818 1461 2913 ²5¹
1475 2819 1590 2877 autem
1606 2806 1806 2923 ²l⁰ql¹⁰¹¹l¹³
1824 2819 1934 2924 ¹3⁰¹&
1960 2831 2049 2901 ‘1¹¹³‘
2063 2808 2173 2900 ll⁰⁵⁸it

145 2925 351 3016 coniugem:
391 2928 453 2999 sed
480 2923 598 3012 Paris,
632 2922 840 3017 Aegisthus,
867 2945 907 3002 et
938 2931 1001 3001 alii
1032 2931 1135 3003 multi
1184 2909 1604 3004 iilli‘l'iin‘llri‘dlfflffl
1621 2905 1688 2977 ΒΗ
1705 2922 1924 2996 ⁵³P¹ffl¹¹³¹¹¹⁰
1977 2907 2096 3000 Qum
2117 2908 2173 3005 Pii

146 3027 304 3119 rapiunt.
809 3080 813 3091 ,
1186 3034 1394 3103 veneremur
1407 3034 1502 3094 eam,
1528 3025 1563 3080 et
1579 3033 1644 3078 nos
1666 3009 1699 3077 ei
1716 3008 1960 3094 subiiciamus,
1986 3034 2050 3081 nec
2067 3008 2171 3081 stulte

153 3202 167 3211 .
248 3127 362 3211 Docet
380 3127 501 3213 eadem
521 3124 585 3197 ιω
603 3128 743 3215 divim,
766 3155 846 3201 non,
866 3135 1039 3217 moyend,
1058 3157 1134 3215 ωε
1186 3124 1222 3181 et
1250 3122 1457 3215 arroganter
1486 3125 1649 3204 putemus
1680 3131 1746 3178 nos
1779 3110 1860 3218 plus
1892 3131 2029 3203 sapere,
2063 3134 2169 3206 quam

147 3229 244 3315 bella
266 3228 385 3299 civilia
407 3228 598 3322 rapiendae
621 3231 877 3315 dominationis
905 3258 1028 3324 casua,
1057 3236 1135 3307 sine
1184 3210 1313 3283 Deum·
1526 3313 1536 3330 .
1666 3310 1675 3329 ⁸
1713 3311 1724 3329 ‚

144 3332 274 3417 ordine
293 3329 428 3423 legum:
462 3344 498 3401 et
517 3328 633 3409 Βειιιιι
655 3335 765 3418 velle,
793 3346 833 3406 ut
854 3336 1030 3424 legitimos
1044 3337 1136 3411 ‚Ma-
1284 3310 1382 3385 Hm
1405 3338 1484 3385 ⁰⁰¹⁰
1506 3325 1579 3432 ⁸¹¹Ji
1601 3334 1800 3430 Ἷθῐῑξδξῐῦἃι
1826 3326 1900 3385 10ῑο
1919 3327 2059 3403 P‘clffl.
2076 3328 2173 3407 ⁰9²⁰,

144 3433 311 3527 gistratns
333 3455 557 3513 veneremur:
591 3432 702 3507 sirnns
727 3435 827 3525 pacis,
848 3441 1037 3523 custodes,
1060 3463 1135 3510 non
1184 3417 1284 3534 ⁰²³¹}
1298 3416 1466 3487 ⁰¹⁰¹¹lb¹¹³
1480 3438 1576 3487 ‘²⁰¹⁸
1589 3409 1808 3494 h⁰¹⁰¹¹¹¹b¹²⁸¹
1822 3438 1934 3506 “²1³0
1950 3416 2203 3511 fflflltum‘lu‘st

146 3533 262 3605 inilati
287 3533 491 3624 adpetamus
515 3534 685 3606 sublimes
700 3538 829 3623 gradus
846 3539 923 3608 sine
941 3539 1135 3625 vocatione,
1186 3519 1464 3591 0⁰⁰⁸¹d⁸oe¹¹¹¹¹¹³

145 3636 208 3707 sed
228 3656 385 3703 amemus
401 3629 563 3709 humilia.
616 3633 836 3717 AtMarins,
861 3636 1032 3724 Catilina,
1058 3639 1134 3711 An·
1286 3632 1379 3707 Cum
1393 3630 1485 3704 nibil
1500 3632 1660 3722 fragilius
1676 3645 1710 3700 et
1722 3631 1933 3702 imbecillius
1951 3632 1995 3705 sit
2014 3628 2174 3721 homine,

146 3735 285 3819 tornius,
318 3733 482 3824 Borgias,
516 3749 551 3805 et
570 3737 633 3806 alii
655 3738 934 3810 innumerabiles
954 3740 1035 3811 elati
1059 3769 1135 3812 am·
1187 3738 1391 3832 praesertim
1430 3736 1597 3807 destituto
1630 3735 1835 3803 defensione
1872 3735 2010 3805 divina:
2057 3738 2173 3830 qualis

146 3837 304 3917 titione,
336 3836 431 3907 bella
459 3834 548 3929 ipsis
579 3854 614 3909 et
640 3841 761 3911 multis
786 3841 950 3931 gentibus
982 3844 1135 3914 exitialia
1186 3840 1340 3912 amentia
1355 3852 1416 3924 est,
1436 3838 1531 3932 qnod
1542 3832 1608 3904 Dei
1626 3833 1834 3924 sapientiam
1849 3836 2028 3928 aspernari
2044 3838 2174 3914 audet?

146 3951 349 4010 moverunt
933 3998 937 4003 ,
1187 3943 1235 4013 Ει
1257 3941 1401 4037 quidem
1420 3938 1576 4027 exempla
1593 3936 1799 4030 quotidiana
1821 3939 2030 4024 ostendunt,
2055 3939 2173 4030 legum

155 4072 169 4097 ··
249 4050 302 4126 lta
323 4055 553 4125 conculcatur
573 4055 697 4146 imago·
711 4054 779 4127 nei
808 4084 827 4129 a
856 4061 1008 4130 maxima
1037 4079 1142 4155 parre·
1187 4056 1426 4135 contemptum
1440 4038 1618 4111 atrocibus
1636 4038 1817 4130 suppliciis
1832 4039 1964 4130 puniri.

94 4174 113 4196 ⁸
147 4156 349 4232 bominum.
386 4154 456 4226 Sed
468 4156 620 4251 ‘studiosi
637 4171 670 4229 et
685 4161 845 4245 modesti,
868 4185 942 4231 sese
959 4164 1025 4256 ipsi
1042 4167 1136 4257 aspi·
1287 4158 1385 4232 Haec
1398 4160 1436 4228 in
1452 4156 1646 4249 praesentia
1662 4155 1705 4224 ad
1720 4155 2084 4227 commonefaciendos
2097 4170 2173 4228 stu-

147 4262 273 4332 tionis
286 4282 326 4327 oc
339 4258 512 4335 admontii
528 4252 594 4328 hac
607 4255 674 4327 Dei
696 4262 871 4353 imagine,
899 4260 1014 4335 Deum
1029 4291 1136 4360 quae-
1188 4265 1307 4335 diosos
1328 4275 1362 4332 et
1378 4263 1555 4331 modestos
1575 4258 1731 4328 breviter
1745 4257 1839 4342 dixi,
1865 4282 1955 4349 quae
1976 4259 2048 4328 scio
2072 4280 2173 4351 saepe

147 4374 249 4446 rint,
273 4374 312 4430 et·
331 4360 554 4430 considerent
577 4384 660 4430 vere
682 4363 783 4453 diligi
807 4360 1001 4438 humanum
1027 4392 1136 4458 genus
1187 4366 1225 4436 in
1246 4361 1311 4435 hac
1334 4359 1453 4432 schola
1473 4360 1597 4451 repeti.
1647 4357 1715 4429 Sed
1739 4358 1824 4435 ideo,
1841 4355 1981 4429 scholae
2001 4360 2172 4433 divinitus

147 4461 261 4535 aDeo
283 4461 489 4547 conditore,
515 4474 550 4532 et
570 4477 726 4547 amante,
747 4466 951 4555 ,ac-lovente
973 4463 1136 4555 humilia,
1187 4469 1368 4539 institutae
1393 4477 1494 4545 sunt,
1521 4477 1558 4535 nt
1580 4459 1647 4531 Dei
1670 4463 1764 4529 dona
1791 4461 1988 4557 eelebrent,
2019 4484 2171 4554 quorum

147 4554 191 4636 ac
209 4563 408 4659 vicissima
437 4562 541 4632 nobis
565 4566 755 4657 postulari,
787 4580 827 4637 ιιι
849 4580 969 4639 nostra
994 4570 1066 4640 vita
1091 4574 1136 4641 ad
1187 4566 1416 4660 amplitudini
1442 4566 1539 4639 nulla
1568 4558 1721 4632 hnmana
1753 4562 1952 4656 eloquentia
1974 4561 2172 4633 satisfacere

147 4663 249 4738 lrane'
263 4663 459 4759 imaginem·
475 4676 658 4757 congruat.
709 4665 849 4755 Deinde
867 4685 901 4739 et
919 4670 1009 4740 illud
1031 4664 1138 4764 repu-
1187 4683 1310 4764 potest.
1362 4667 1434 4739 Sed
1456 4679 1574 4736 tamen
1595 4678 1803 4759 quantuma
1827 4662 1931 4733 nobis
1953 4663 2028 4733 fieri
2049 4677 2173 4757 potest,

148 4782 246 4847 tent,
271 4760 727 4860 hanclegur'ndoelrinam,
753 4793 840 4863 quas
853 4773 1069 4864 profitemur,
1096 4796 1137 4860 er

147 4865 217 4941 hae
232 4869 385 4957 imagine
400 4864 465 4936 Dei
481 4868 689 4959 descriptam
706 4893 797 4952 esse,
824 4889 858 4944 et
873 4888 1011 4945 nostros
1027 4876 1137 4945 libros
1221 4910 1251 4980 ι)
1269 4907 1361 4961 Furor
1375 4910 1416 4957 „e
1428 4901 1625 4956 naemrrattot
1636 4909 1662 4954 a
1674 4917 1742 4972 quse
1754 4904 1916 4969 aquantur,
1930 4894 1961 4953 tn
1975 4896 2129 4966 Quaestus
2141 4898 2171 4955 ιιι

149 4971 412 5042 enarrationem
427 4993 499 5038 esse
515 4969 655 5038 divinae
673 4972 741 5040 lma
768 4973 837 5041 inis
1257 4974 1347 5029 Tomo
1361 4975 1394 5029 V.
1410 4970 1535 5028 [leolam.
1553 4989 1608 5024 oon
1622 4973 1766 5041 leguntur,
1783 4967 1830 5020 sed
1844 4965 1939 5020 finitor
1953 4965 2040 5020 oratio
2052 4964 2094 5020 bis
2107 4985 2172 5021 ver-

301 5058 305 5064 '
745 4996 766 5062 g
840 5023 850 5043 ⁶
1145 5083 1149 5097 f
1254 5043 1313 5099 llis:
1333 5042 1432 5112 ,ttaee
1444 5041 1474 5094 in
1491 5039 1645 5110 praesentia
1654 5037 1691 5091 sd
1701 5033 1987 5090 commonefaciendos
1997 5035 2134 5089 studiosos
2146 5042 2175 5090 et

255 5086 362 5176 Quod
397 5087 459 5179 qui
491 5099 696 5174 agnoscent,
730 5102 769 5158 nt
796 5113 850 5159 res
877 5104 945 5173 est,
981 5095 1140 5164 venerari
1258 5114 1396 5179 abacto·
1409 5106 1531 5173 breviter
1542 5110 1602 5179 atri.
1621 5124 1689 5188 quse
1703 5105 1760 5181 ceto
1772 5122 1852 5172 nepe
1868 5103 1896 5155 tn
1910 5102 1961 5185 tac
1974 5102 2065 5157 aetola
2079 5103 2175 5175 repeti.

147 5188 244 5279 leges
276 5203 444 5280 tanquam
471 5188 665 5278 sapientiae
689 5188 755 5259 Dei
778 5206 939 5264 aeternae
965 5195 1141 5281 rivulum,
1216 5266 1234 5283 ..
1256 5185 1429 5302 ⁰‘¹¹¹¹-¹.⁰,{⁰,’
1450 5175 2176 5299 ''idi'‘,ffl‘giug‘issssss‘''3⁸:1⁹222,2⁰,“,21⁸,⁰,2]
2208 5183 2223 5203 ν

148 5291 334 5383 implent·
1256 5258 1371 5375 diemo:
1378 5262 1498 5372 collidet
1509 5264 1561 5369 ’coit
1574 5312 1666 5387 generi
1681 5260 1801 5365 bdmano
1813 5307 1869 5363 sict
1880 5279 2041 5363 inlotam?
2094 5378 2099 5393 Ι
2112 5360 2114 5365 .

162 5386 167 5391 ’
202 5395 380 5464 marina.
399 5394 504 5459 Orza.
517 5392 602 5459 voa.
616 5392 664 5462 Χ.
1658 5384 1709 5457 62
