4546 5760
125 96 138 111 ’
194 156 269 283 aaa
783 146 1201 249 ouaasrronus
1233 154 1635 253 acaoamcar.
2149 185 2223 263 m
2259 270 2262 275 ,

182 328 242 412 die
269 337 335 408 tria
367 327 477 402 millia
492 327 759 413 coronatorum,
784 350 875 422 quau
897 355 1032 405 sunima
1051 331 1090 400 in
1105 329 1181 401 sin-
1231 337 1663 426 quatuordena'rios'cudi.
1688 339 2021 424 'Ablibraeoutin'at
2038 348 2222 429 drachmas
2262 378 2265 415 a

180 442 282 534 gulos
320 459 433 506 annos
459 433 650 515 efficiebat,
689 446 728 500 ut
760 448 883 502 nostro
918 456 1016 502 more
1042 432 1181 525 loquar,
1216 449 1386 510 ‚centum
1451 438 1551 511 Haec
1573 468 1649 514 non
1670 467 1882 539 congruunt.
1941 454 2014 526 Sed
2045 457 2219 531 siverim
2263 418 2265 531 i

181 539 368 615 duodecies
399 550 539 606 centum
568 534 666 601 milia
695 546 974 603 coronatorum.
1019 533 1178 604 Multum
1231 551 1301 618 est,
1327 563 1368 608 ex
1384 540 1711 618 tibrattsdenartoa
1727 553 1830 638 cudi,
1851 576 1992 627 neeesse
2003 573 2071 639 est,
2094 554 2221 629 drach.
2262 534 2265 555 ¹

181 640 241 714 hic
257 642 391 713 reditas
409 650 549 728 superat
565 647 739 704 nostrates
755 658 880 720 venas,
906 658 1056 729 quarum
1073 636 1181 706 uber·
1232 663 1310 708 mae
1331 642 1489 731 precium
1513 645 1633 717 miuus
1661 672 1754 739 qtae,
1791 678 1897 746 quam
1928 656 2087 729 Romani
2107 656 2222 731 Dm,

182 761 235 817 Γὰδ
256 766 354 813 1¹⁰⁰ss
374 736 648 808 celebrflll⁸⁸lffl³
672 749 734 804 est·
792 734 905 806 Porro
919 738 1036 805 nullas
1053 760 1181 827 argen-
1232 740 1288 812 rii.
1341 738 1389 812 Et
1406 745 1537 837 opinor
1551 771 1631 818 cum
1649 755 1779 823 nostris
1794 751 2223 852 Schrecltenbergensibus

183 861 256 918 teas
281 865 409 913 massas
432 841 471 908 in
492 839 567 908 illis
588 836 870 907 foecundissimis
894 838 981 908 locis
994 852 1094 909 natas
1108 858 1181 908 esse
1231 843 1440 929 convenire,
1458 846 1489 915 si
1504 850 1632 920 aure'us
1642 854 1791 924 usitatus
1807 859 1936 929 valebit
1951 875 2086 951 septem
2096 857 2221 933 Schra-

184 971 271 1018 sane
285 945 415 1014 mirum
431 955 529 1011 esset.
1232 943 1565 1036 ekenbergeusibus.
1626 950 1723 1023 Haec
1747 958 1868 1027 audivi
1891 964 2029 1032 erudite
2052 965 2222 1055 disputari

285 1045 462 1140 Equidem
483 1065 563 1111 cum
584 1064 689 1110 venas
705 1034 814 1110 buius
833 1041 957 1109 aetatis
976 1042 1119 1110 confero
1136 1041 1178 1110 ad
1203 1078 1209 1191 Ι
1232 1068 1252 1112 a
1268 1045 1391 1135 peritis
1414 1071 1533 1117 rernm
1547 1054 1817 1129 metallicamm.
1876 1060 2094 1157 Quanquam
2111 1081 2221 1136 autern

186 1165 341 1229 veteres,
367 1167 469 1233 saepe
491 1144 650 1212 animum
675 1143 772 1213 subit
794 1142 1000 1226 admiratio,
1033 1143 1181 1236 quibat,
1232 1140 1296 1213 bas
1312 1149 1536 1240 quaestiones
1551 1155 1696 1243 agitavit
1712 1159 1769 1228 vir
1789 1162 2022 1246 clarissimus,
2050 1165 2222 1255 Georgius

186 1273 227 1324 ut
251 1253 288 1320 in
312 1247 410 1316 nulla
434 1259 531 1335 parte
551 1246 649 1313 orbis
673 1257 846 1312 terrarum
870 1239 1181 1334 respondeatbaec
1232 1242 1417 1335 Agricola,
1451 1255 1633 1324 excellenti
1656 1261 1857 1332 eruditione
1877 1278 1909 1334 et
1931 1265 2065 1336 virtute
2086 1268 2223 1359 praedi·

186 1364 452 1424 actasveternm
471 1345 713 1415 foecunditati.
764 1341 866 1413 Olim
881 1340 1036 1439 Phrygia
1059 1357 1094 1416 et
1109 1344 1201 1438 Ly.
1233 1361 1306 1430 tus,
1333 1364 1450 1420 tamen
1472 1364 1512 1421 ut
1531 1380 1610 1424 mos
1631 1375 1773 1447 geratur
1795 1368 2045 1437 consuetudini
2062 1363 2222 1449 Scholae,

187 1460 245 1526 dia
272 1453 479 1520 immensam
501 1447 574 1516 vim
597 1446 674 1516 auri
699 1441 920 1531 habuerant,
952 1461 1181 1516 nontantum
1233 1447 1537 1523 delcronunchas
1551 1458 1889 1551 utilesquaestiones
1902 1468 2079 1538 advirum
2096 1470 2222 1541 ductis-

189 1581 230 1627 ex
261 1550 428 1623 raniensis
457 1549 494 1615 in
528 1546 672 1617 Pactolo
703 1547 875 1626 inventis,
913 1549 973 1617 sed
997 1572 1038 1617 ex
1056 1546 1182 1616 vicinis
1232 1551 1362 1619 simum
1385 1552 1437 1624 M.
1458 1548 1624 1626 Paulum
1640 1556 1821 1646 Eberum,
1855 1590 1895 1637 ac
1911 1592 1998 1658 rogo
2019 1584 2059 1640 ut
2080 1594 2143 1641 m
2162 1595 2221 1641 η.

187 1656 382 1728 montibus.
434 1644 1115 1743 Namquodflusninaaurumveltuut‚
1140 1670 1181 1716 eo
1233 1652 1350 1742 plicet.
1401 1654 1500 1727 Dixi.

189 1762 247 1842 fit,
274 1755 357 1849 quia
379 1753 515 1821 vicinae
537 1766 620 1821 sunt
645 1774 772 1835 venae,
797 1750 969 1842 equibus
994 1752 1056 1819 illa
1075 1772 1189 1818 arena·

192 1858 363 1939 elabitur,
388 1867 449 1922 aut
464 1867 577 1923 certae
594 1875 704 1921 venae
720 1851 922 1920 iu.ssun1ina
941 1854 1182 1942 porriguntur.
1443 1831 1621 1949 MWP
1641 1837 1695 1909 M·
1724 1841 1851 1911 Pauli
1879 1846 2014 1915 Bbers‘·

193 1960 337 2050 Quanta
357 1968 474 2025 autem
489 1953 597 2024 fuerit
618 1956 777 2037 ubertas,
808 1976 882 2022 non
899 1966 1036 2024 tantum
1053 1976 1095 2021 ex
1108 1950 1182 2023 Re·
1335 1949 1519 2025 Assentior
1535 1958 1619 2044 tibi,
1637 1962 1691 2029 mi
1705 1957 1881 2051 Matbesi,
1908 1983 2044 2059 partem
2063 1966 2222 2068 Physioes

192 2086 280 2153 gum
290 2057 416 2148 opibus
431 2056 652 2138 aestimatur,
676 2069 717 2123 ut
733 2053 865 2148 Mydae
880 2068 941 2125 aut
957 2053 1096 2138 Croesi,
1121 2054 1183 2121 sed
1233 2077 1390 2124 essenon
1406 2062 1682 2146 aspernandam,
1701 2065 1939 2151 oognitionem
1955 2070 2152 2160 originiset
2165 2100 2222 2145 us-

193 2190 233 2233 ex
250 2159 397 2253 privatis
414 2181 566 2251 quoque.
618 2152 750 2226 Scribit
764 2153 1091 2239 enimHerodotns,
1118 2151 1184 2223 bo-
1233 2166 1334 2224 turae
1356 2154 1607 2245 Metellorum,
1633 2185 1781 2256 eamque
1796 2168 1994 2239 doctrinam
2013 2197 2089 2243 nou
2112 2178 2220 2246 saalum

191 2265 325 2335 minem
342 2261 517 2351 privatum
526 2253 694 2352 Pythium
710 2259 858 2327 donasse
870 2255 960 2348 Regi
976 2255 1084 2326 Dario
1100 2255 1183 2326 Pla·
1234 2259 1278 2325 ad
1294 2255 1474 2327 Formieas
1489 2262 1568 2331 illas
1583 2265 1780 2353 pertinere,
1805 2293 1897 2361 qnae
1911 2297 2039 2343 aunam
2053 2276 2223 2353 effodiunt

193 2383 315 2438 tanum
330 2384 490 2443 auream,
518 2383 557 2429 ac
574 2361 679 2430 vitem
694 2382 856 2442 auream,
882 2382 921 2428 ac
939 2371 1078 2450 postea,
1103 2378 1183 2427 cum
1234 2383 1276 2427 ex
1300 2360 1499 2442 montibus,
1530 2365 1721 2435 sedetiam
1749 2370 1791 2436 ad
1816 2394 1899 2456 nos,
1930 2373 1992 2466 qni
2019 2375 2059 2445 in
2086 2374 2223 2451 Scholia

194 2467 335 2539 Xerxen
362 2457 519 2553 bospitio
540 2461 747 2552 excepisset,
773 2459 1026 2549 interrogatum
1044 2460 1185 2542 dixisse,
1235 2475 1380 2528 naturas
1415 2485 1533 2531 rerum
1571 2467 1796 2559 inquirimus.
1860 2472 2076 2567 Quanquam
2113 2495 2222 2550 sutem

194 2592 231 2639 se
253 2579 390 2658 praeter
412 2564 542 2632 fundos
565 2557 695 2631 habere
716 2575 854 2631 tantum
877 2562 1014 2650 argenti
1039 2578 1072 2633 et
1096 2561 1185 2643 auri,
1235 2562 1405 2651 temporis
1426 2564 1586 2650 angustia
1611 2563 1775 2637 hocloco
1797 2596 1872 2641 non
1890 2558 2043 2665 patitur,
2069 2596 2111 2648 ut
2127 2581 2223 2650 iusti-

91 2741 96 2751 ,
195 2670 292 2765 quod
316 2664 445 2745 valuit,
478 2677 518 2734 ut
539 2677 661 2732 nostro
682 2686 781 2732 more
800 2663 1007 2756 loquamur,
1033 2661 1186 2752 amplius
1235 2676 1376 2732 tiramus
1406 2663 1546 2753 longam
1572 2669 1860 2758 explicationem,
1893 2691 2011 2746 tamen
2036 2691 2071 2748 et
2096 2682 2165 2752 alia
2189 2705 2222 2751 re

196 2767 464 2866 quadringentis
481 2765 602 2835 tonnis
619 2763 892 2838 Coronatontm.
1235 2764 1422 2852 impedior.
1481 2764 1578 2835 Haec
1600 2767 1750 2860 intelligi
1775 2797 1847 2842 non
1871 2792 2037 2865 possunt,
2064 2781 2137 2851 nisi
2152 2806 2220 2852 mc-

297 2867 375 2939 Etsi
390 2881 507 2937 autem
523 2868 652 2936 mirum
668 2881 736 2952 est,
762 2881 877 2937 tantas
888 2865 998 2937 fuisse
1014 2888 1097 2956 opes
1109 2864 1186 2956 pri·
1236 2864 1403 2934 tallorum
1420 2866 1579 2937 officinas
1590 2871 1696 2939 etiam
1713 2873 1914 2957 videamus,
1941 2892 1975 2948 et
1988 2880 2142 2953 varietas
2155 2910 2221 2952 ma.

88 3053 92 3062 Ι
197 2972 268 3043 vati
288 2966 461 3050 bominis,
486 2983 604 3044 tamen
621 2969 710 3038 illud
728 2968 962 3058 multomagis
977 2968 1108 3036 mirum
1123 2978 1187 3050 est,
1237 2965 1345 3034 teriae
1369 2981 1595 3042 monstretur.
1655 2971 1766 3042 Nemo
1794 2977 1887 3045 enim
1906 2974 2050 3072 Pyritae
2067 2996 2104 3053 et
2119 2984 2220 3056 Gale-

197 3072 262 3146 has
285 3074 316 3142 ei
344 3096 418 3140 non
442 3074 622 3161 ademptas
643 3094 714 3139 esse
735 3095 754 3139 a
777 3069 936 3157 Regibus
960 3083 994 3136 et
1017 3067 1185 3158 Satrapis.
1237 3091 1304 3136 nae
1335 3067 1571 3139 differentiam
1604 3071 1791 3163 imaginari
1832 3081 1980 3169 poterit,
2022 3085 2094 3153 nisi
2127 3089 2220 3157 rettm

198 3176 303 3248 Nunc
317 3174 412 3243 enim
430 3175 589 3263 privatus
613 3184 727 3241 tantas
747 3172 928 3240 facultates
944 3170 1112 3238 adversus
1127 3192 1187 3239 ra·
1240 3168 1415 3260 inspectis.
1643 3170 1647 3176 '

197 3280 382 3376 paritatem
407 3271 548 3364 Regum
568 3287 604 3344 et
626 3272 832 3365 Principum
856 3270 947 3342 tueri
969 3294 1043 3339 non
1059 3285 1186 3364 posset.
1336 3265 1391 3339 De
1399 3270 1593 3361 posteriore
1602 3275 1806 3367 quaestione
1817 3279 2109 3357 breviterdicam.
2145 3284 2219 3358 Fuit

198 3380 295 3470 Ergo
328 3376 483 3446 vicissim
513 3389 603 3445 terra
635 3397 698 3444 sua
717 3398 864 3444 munera
895 3374 998 3443 nobis
1028 3374 1187 3463 denegat,
1237 3372 1383 3465 aliquod
1403 3368 1543 3444 Atticae
1557 3370 1745 3446 drachmae
1760 3396 1793 3448 et
1817 3383 1954 3453 denarii
1970 3384 2131 3459 Romani
2152 3388 2216 3459 dia

199 3483 283 3576 quia
297 3477 459 3573 Tyranni
473 3490 508 3548 ct
522 3477 585 3545 alii
601 3477 756 3567 improbi
775 3477 885 3547 iustos
899 3497 1112 3567 possessores
1127 3499 1188 3544 ex-
1237 3475 1392 3557 crimen,
1423 3476 1485 3543 sed
1504 3499 1674 3571 perquam
1699 3480 1881 3569 exignum,
1919 3482 2002 3556 ldeo
2024 3486 2148 3561 Latini
2162 3513 2216 3583 pm

72 3652 77 3659 .
201 3583 352 3655 cutiunt.
408 3579 531 3650 Postea
557 3591 716 3648 monetae
739 3578 947 3670 corruptelis
975 3577 1188 3647 defraudant
1238 3571 1610 3647 drachmadenarium
1628 3579 1905 3660 usitatedicunt.

66 3664 70 3677 ¹
152 3712 154 3716 ⁴
200 3685 385 3778 populum.
1053 3712 1056 3717 ·
1340 3673 1559 3748 Testimonia
1582 3680 1746 3770 collig'ere
1770 3687 1878 3755 osrrlta
1902 3710 2053 3776 possem.
2105 3690 2218 3781 an-

302 3779 508 3854 Ostendant
531 3794 664 3850 veteres
685 3778 771 3849 libri
792 3780 972 3849 rationum
988 3777 1189 3850 Metallica-
1238 3792 1316 3848 tum
1346 3791 1463 3847 antem
1494 3781 1582 3850 lucis
1606 3784 1745 3853 accedat
1769 3780 1929 3858 historiis
1953 3802 1989 3859 et
2019 3789 2098 3863 luri
2122 3790 2220 3876 cirili,

202 3894 301 3968 rum,
328 3885 431 3955 etiam
441 3881 622 3977 Mysnicas
635 3904 742 3950 venas
752 3882 865 3950 multo
881 3881 1188 3966 uberioresluisse,
1239 3880 1378 3970 cognita
1402 3905 1441 3949 re
1462 3883 1663 3952 nummaria
1688 3888 1816 3964 veteri,
1851 3913 1957 3958 nemo
1984 3892 2139 3982 ignorat.
2183 3890 2218 3963 ln

203 4014 282 4060 cnm
299 3986 463 4056 videlicet
477 3985 591 4055 tribus
606 3978 815 4053 haeredibus
831 3978 1104 4053 Marcbionibus
1117 3998 1189 4053 tre-
1239 3980 1333 4071 Lege
1354 3981 1476 4065 Lecta,
1508 3985 1552 4053 de
1580 3985 1687 4056 rebus
1715 3990 1878 4073 creditis,
1915 3994 2040 4086 quales
2064 3997 2219 4067 tenebras

202 4104 304 4160 centa
336 4088 449 4156 millia
480 4109 668 4156 aureorum
707 4085 897 4178 quotannis
931 4086 1189 4176 pendebantur.
1240 4095 1340 4159 sunt,
1366 4084 1397 4150 si
1418 4085 1497 4176 quis
1521 4086 1661 4174 ignorat
1677 4092 1805 4160 veteris
1827 4092 1880 4161 rei
1896 4097 2122 4168 nummati„
2135 4120 2221 4168 mn.

202 4191 306 4264 Nunc
330 4188 427 4259 velut
450 4188 567 4257 effoeti
591 4201 727 4258 montes
751 4208 973 4280 nequaquam
1004 4189 1091 4256 adeo
1113 4187 1189 4256 foe·
1241 4184 1485 4273 putationem?
1534 4187 1605 4258 Sed
1628 4184 1722 4260 hanc
1743 4206 1850 4262 totam
1864 4195 2151 4286 disputationem
2161 4196 2220 4283 dil·

204 4293 313 4365 cundi
327 4304 420 4363 sunt.
472 4287 661 4379 Disputent
677 4288 757 4367 alii,
785 4312 882 4358 suam
898 4289 997 4381 quasi
1013 4304 1190 4359 senectam
1240 4287 1561 4358 feremusiualiud
1579 4304 1727 4382 tempus.
1779 4291 1872 4365 Dixi.
1994 4354 1997 4359 .

205 4418 278 4465 esse
302 4408 434 4472 terrae,
464 4403 500 4460 et
515 4389 705 4478 significari
725 4383 833 4459 huius
852 4390 975 4459 mundi
994 4390 1190 4463 interitum.

203 4495 280 4584 Ego
308 4494 416 4581 magis
449 4492 621 4575 arbitror,
652 4490 865 4560 sterilescere
889 4504 1017 4559 terram
1045 4505 1191 4585 propter
1245 4507 1464 4519 “·“”“·“··”
1481 4512 1739 4523 ··“·“““·““”’

204 4595 414 4666 iniustitiam
443 4589 642 4665 hominum.
701 4590 771 4664 Sed
797 4586 863 4662 bac
891 4593 1034 4684 querela
1061 4595 1190 4665 omissa
1254 4642 1320 4713 No·
1346 4644 1392 4715 21

204 4700 309 4769 redeo
325 4695 367 4765 ad
382 4693 559 4780 Plinium,
576 4692 615 4761 in
630 4718 700 4788 quo
716 4694 760 4763 de
774 4694 881 4765 rebus
890 4691 1081 4766 Metallicis
1094 4696 1190 4766 mul·
1252 4740 1420 4769 m
1975 4654 2218 4799 ffiQ

205 4801 403 4871 taobscure
418 4797 545 4888 scripta
562 4810 654 4869 sunt.
696 4793 786 4865 Nam
804 4808 838 4865 et
852 4795 920 4865 alia
936 4799 1094 4889 quaestio
1108 4798 1191 4888 plu.
1312 4826 1565 4900 hommum·
1580 4829 1625 4887 42·
1659 4829 2175 4915 treniacoqat,a12tp,1‚p‚502
2208 4872 2212 4879 Ι

204 4902 335 4973 rimum
358 4900 494 4989 negocii
513 4897 597 4968 facit
619 4898 785 4984 eruditis,
813 4898 913 4967 cuius
931 4899 1119 4990 'explicatio
1137 4911 1190 4969 ta-

203 5029 287 5073 men
301 5002 492 5072 necessaria
508 5001 617 5071 estad
633 5001 874 5086 cognoscenda
888 5013 1005 5070 vetera
1021 5002 1190 5092 pondera,
1212 5016 1215 5024 '
1242 4977 1440 5062 Quaem&
1458 4978 1627 5046 ''efflat“
1643 4977 1779 5099 “Mad
1795 4981 1853 5051 θ’
1858 5002 1880 5051 ⁰
1886 5001 1934 5078 ⁷9
1940 4983 1982 5054 ἑο
1996 4985 2034 5055 Β
2039 5008 2144 5065 “m
2151 5013 2221 5065 Μ·

204 5108 249 5174 sd
271 5104 439 5173 Monetae
461 5102 588 5195 precia.
648 5096 748 5171 Alibi
774 5102 860 5172 dicit
879 5101 1037 5184 Plinius,
1071 5100 1191 5174 Dena-
1354 5099 1410 5147 '⁸⁰
1437 5075 1809 5174 ⁶⁰ldl079⁰²¹⁸⁸n¹5¹
1825 5078 1983 5175 Melli-
2004 5086 2121 5169 1541.
2208 5168 2212 5175 .

202 5208 298 5274 rium
330 5200 460 5274 babere
489 5207 626 5292 pondus
653 5198 850 5273 Dracbmae
872 5202 1042 5274 Atticae·
1077 5203 1190 5274 Libro
1243 5193 1460 5298 Quanquam
1478 5224 1574 5300 grata
1589 5225 1642 5282 est
1657 5208 1749 5282 mibi
1763 5214 2011 5293 benevolentia
2026 5242 2221 5323 praecep»

202 5307 382 5381 tricesimo
417 5306 521 5377 tertio
552 5305 617 5390 ait,
649 5328 690 5375 ex
712 5304 822 5376 Libra
850 5319 989 5378 tantum
1011 5307 1191 5398 octogiuta
1212 5344 1217 5380 t
1240 5332 1339 5396 rum,
1382 5311 1446 5404 qui
1473 5308 1565 5383 mibi
1587 5309 1683 5386 hune
1710 5312 1830 5388 locum
1850 5320 2056 5401 tribuerunt
2076 5330 2220 5426 qudi
