4546 5760
65 153 144 230 oso
277 168 280 173 ’
425 169 428 176 ·
553 130 1611 265 rotonumurum-vasconc-iouns.
2018 152 2095 241 seo

59 329 201 400 labores
223 326 544 399 administrationis
567 320 637 396 hoc
663 328 824 399 semestri
846 327 1054 420 praecipuos
1100 324 1354 398 Consiliarium
1371 325 1603 398 illustrissimi
1620 316 1728 396 Ducis
1743 324 1925 412 saxoniae,
1947 320 2089 397 Eiecto-

59 430 242 503 sustinuit.
293 427 398 499 Nunc
414 453 513 499 more
533 429 693 518 legitimo
707 430 847 519 depono
870 432 1053 519 magistra-
1101 428 1151 498 ris
1168 443 1231 500 etc.
1258 427 1439 517 Singulari
1454 444 1570 498 autem
1585 429 1651 499 Dei
1668 428 1839 497 beneficio
1853 430 1892 496 in
1908 424 1972 497 hae
1985 423 2089 496 scho-

59 546 151 617 tum,
178 546 211 602 et
225 554 287 599 vos
302 527 485 615 adhortor,
510 544 551 600 ut
565 533 612 599 ad
628 534 712 601 novi
727 531 892 601 Rectoris
907 532 1052 602 electio·
1100 531 1133 599 la
1158 529 1340 621 perspicue
1363 530 1537 599 illustrata
1560 542 1613 599 est
1636 530 1796 598 doctrina
1816 531 1861 598 de
1884 528 2089 598 discrimine

59 658 166 717 nem,
191 656 297 725 quam
317 633 411 701 filius
423 628 491 702 Dei
512 635 702 721 gubernet,
726 633 788 727 qui
804 633 927 720 faciat,
951 647 993 704 ut
1005 634 1053 704 sit
1100 631 1287 701 ministerii
1313 628 1535 721 Evangelici,
1567 642 1603 700 et
1625 630 1760 722 politici
1790 631 1946 713 ordinis,
1981 644 2015 699 et
2042 631 2088 699 de

58 736 173 806 fausta
188 734 361 819 etfoelir,
385 735 592 823 procedatis.
642 729 737 804 Dixi.
1100 733 1300 803 obedientia
1325 733 1441 803 debita
1464 730 1636 821 legitimis
1655 732 1927 821 magistratibus.
1985 728 2089 799 Hanc

1099 836 1290 924 cogitantes
1318 829 1401 903 hnic
1431 832 1574 904 Rectori
1605 847 1720 902 vestro
1749 833 1898 902 Doctori
1927 824 2089 924 Georgia

61 930 294 1030 oratiuncula,
322 949 387 1014 prro
407 928 604 1029 renunciat,
625 950 697 995 eum
718 952 812 1018 ocrem
833 929 1051 1031 communibus
1099 927 1280 1005 Cracovio
1307 949 1508 1003 reverenter
1538 935 1678 1003 obedite
1707 947 1851 1025 propter
1880 936 2087 1002 mandatnm

79 1015 266 1103 Wff'fff‘l‘s
287 1015 432 1128 senfim
445 1015 644 1080 ‘stadem‘
663 1013 835 1083 Refimm
854 1012 1045 1121 dedam(
1099 1036 1181 1106 Dei:
1213 1035 1359 1106 Necesse
1376 1051 1426 1105 est
1440 1037 1584 1104 obedire
1599 1060 1671 1103 non
1688 1036 1803 1105 solum
1822 1046 1964 1125 propter
1986 1035 2088 1120 iram,

162 1136 270 1226 Quod
303 1136 456 1205 faustum
491 1147 526 1204 et
558 1136 642 1204 felix
675 1135 738 1220 sit,
776 1160 914 1227 expono
948 1135 1050 1205 vobis
1099 1138 1280 1207 sedetiam
1298 1137 1720 1226 propterconscientiam.
1755 1134 1852 1204 Haec
1866 1136 2087 1206 severissima

59 1239 222 1312 omnium
254 1237 558 1308 consentientibus
585 1237 762 1327 suffragiis
793 1239 944 1309 electum
977 1260 1050 1306 esse
1097 1239 1270 1309 sententia
1289 1238 1461 1307 divinitus
1485 1240 1632 1323 tradita,
1655 1236 1947 1307 commonefaciat
1963 1259 2025 1306 vos
2041 1237 2086 1304 de

58 1339 249 1412 Rectorem
274 1333 381 1407 huius
404 1332 635 1418 Academiae,
667 1340 785 1408 virum
814 1338 1069 1419 clarissimum⁴
1099 1342 1280 1409 voluntate
1302 1352 1343 1417 ,et
1369 1339 1500 1408 iudicio
1522 1337 1609 1420 Dei,
1653 1353 1687 1408 et
1717 1339 1900 1407 confirmet
1929 1328 2089 1427 pectora,

59 1435 262 1533 Georgium
277 1432 516 1523 Crucorium,
540 1435 730 1509 Ductorem
748 1439 774 1510 Ι.
791 1438 850 1532 U,
872 1438 1051 1511 Consilia·
1098 1467 1143 1511 ne
1158 1442 1317 1510 furenter
1330 1454 1451 1508 contra
1468 1438 1600 1520 Deum,
1625 1454 1658 1509 et
1673 1439 1849 1528 legitimos
1865 1439 2087 1527 magistratus

15 1596 17 1599 -
59 1544 154 1614 rium
179 1540 410 1616 illustrissimi
435 1537 545 1610 Ducis
564 1538 756 1625 Saxoniae,
788 1539 964 1612 Electoris
986 1554 1050 1610 etc.
1078 1557 1222 1626 ruant,
1253 1565 1319 1611 nec
1346 1541 1416 1610 sibi
1445 1541 1535 1611 iram
1564 1538 1631 1611 Dei
1664 1554 1698 1609 et
1735 1563 1870 1630 poenas
1896 1536 2086 1611 attrahant.

58 1643 113 1732 Ac
127 1643 240 1713 filium
254 1639 321 1711 Dei
334 1638 530 1710 Dominum
545 1656 704 1712 nostrum
722 1640 839 1711 lesum
853 1636 1049 1722 Christum,
1098 1643 1237 1712 Deinde
1269 1643 1464 1712 reverentia
1498 1665 1579 1731 erga
1605 1643 1848 1711 doctrinarum
1881 1641 1997 1712 studia
2023 1663 2086 1710 ros

60 1748 241 1817 sedentem
266 1746 309 1812 ad
332 1745 488 1812 dextram
516 1744 651 1812 aeterni
680 1745 809 1832 patris,
841 1769 880 1813 ac
905 1745 1048 1815 dautem
1099 1757 1256 1828 moveat,
1285 1759 1325 1814 ut
1357 1743 1558 1812 conservari
1592 1738 1755 1812 honestas
1787 1738 1935 1812 Scholas
1957 1742 2085 1811 velitis.

60 1850 155 1918 dona
188 1841 411 1922 hominibus,
443 1840 608 1912 Pastores
627 1856 661 1913 et
685 1841 874 1928 Doctores,
900 1868 984 1928 oro,
1009 1857 1050 1913 ut
1098 1845 1224 1932 Qualis
1241 1843 1277 1911 in
1296 1844 1364 1917 vita
1384 1843 1588 1913 barbaries?
1613 1843 1746 1933 Quales
1765 1845 1949 1928 tenebrae,
1972 1843 2087 1936 qualis

61 1963 97 2021 et
132 1949 226 2017 inter
258 1969 324 2015 nos
359 1956 473 2028 servet
506 1957 540 2013 et
573 1946 745 2033 gubernet
774 1942 979 2012 docentium
1014 1955 1049 2011 et
1096 1946 1135 2017 in
1151 1945 1310 2015 moribus
1326 1947 1507 2024 confusio,
1534 1968 1640 2037 quam
1657 1958 1746 2014 tetra
1761 1946 1847 2028 Dei,
1872 1944 2087 2035 religionum

60 2049 272 2120 discentium
305 2040 457 2124 coetus,
474 2060 509 2116 et
534 2044 580 2114 sit
604 2044 679 2136 ipse
705 2037 812 2112 huius
839 2039 1048 2114 Academiae
1096 2061 1130 2115 et
1153 2047 1267 2135 legum
1282 2046 1416 2115 oblivio
1441 2061 1602 2115 secutura
1625 2047 1738 2117 esset?
1762 2045 1793 2114 si
1808 2046 1934 2118 deletis
1950 2044 2088 2117 Acade-

59 2148 195 2233 Rector
210 2161 244 2219 ct
262 2146 467 2237 Protector,
492 2158 525 2214 et
542 2140 638 2215 huuc
652 2141 842 2216 Rectorem
857 2142 1048 2217 Ductorem
1098 2148 1198 2230 miis,
1220 2147 1445 2216 indoctorum
1468 2148 1739 2237 cupiditatibus,
1766 2162 1801 2219 et
1822 2150 2031 2220 monstrosis
2045 2171 2086 2217 ac

58 2247 260 2346 Georgium
272 2248 427 2322 adiuvet.
473 2243 569 2316 Dixi.
1096 2248 1272 2318 seditiosis
1288 2248 1522 2341 fanaticorum
1536 2245 1726 2321 hominum
1740 2251 1954 2322 clamoribus
1964 2250 2086 2321 omnia

10 2354 19 2368 '
1096 2364 1285 2440 regantur,
1308 2362 1350 2420 ut
1374 2350 1412 2418 ht
1429 2349 1522 2419 inter
1537 2346 1786 2442 Anabaptistas
1812 2365 1846 2421 et
1873 2354 2018 2422 illorum
2037 2350 2086 2420 si·

61 2462 278 2536 Denuneiutio
309 2461 441 2547 publicu
470 2481 580 2528 corum
607 2460 824 2542 auditoridru,
837 2507 845 2525 .
860 2481 925 2546 pua
951 2457 1049 2526 simod
1097 2451 1210 2521 miles.
1258 2448 1355 2519 Haec
1383 2453 1477 2520 mala
1499 2475 1545 2521 ue
1573 2453 1750 2533 accidant,
1785 2454 1966 2524 doctrinae
1992 2454 2085 2522 iusto

60 2568 121 2620 Μ
146 2549 191 2618 “A
221 2546 435 2616 Menum
469 2567 525 2612 ⁸¹⁴⁰
553 2543 775 2632 Mafmwfm‘
803 2543 1048 2632 11101111110111,
1096 2553 1223 2623 ordine
1237 2551 1512 2621 considerandae
1528 2566 1628 2638 sunt,
1653 2556 1750 2646 qrrod
1773 2554 1849 2623 heri
1870 2579 1944 2625 non
1963 2566 2088 2645 potest,

470 2629 635 2699 imam·
1097 2655 1166 2724 uisi
1184 2655 1257 2722 sint
1281 2649 1440 2739 honesti,
1464 2655 1649 2748 tranquilli
1674 2665 1711 2724 et
1734 2671 1826 2725 recte
1846 2656 2002 2727 ordinati
2019 2648 2089 2725 do'·

161 2754 245 2829 N⁰¹¹
270 2776 351 2824 ⁶³³⁰
373 2765 491 2851 01Ῑ11111
514 2764 565 2822 0⁸¹
581 2775 690 2841 6111111
706 2746 904 2822 humanum
920 2776 962 2820 ex
976 2748 1048 2820 De-
1097 2755 1253 2826 centium
1281 2768 1315 2824 et
1337 2754 1550 2824 discentium
1580 2768 1711 2831 coetus.
1768 2755 1875 2827 Tales
1903 2763 2021 2827 coetos
2045 2769 2086 2824 ut

57 2860 200 2934 mocriti
217 2856 361 2938 atomis,
386 2878 451 2923 uec
467 2876 549 2923 casu
565 2877 758 2924 servamur.
811 2848 881 2923 Sed
899 2876 979 2927 vere
997 2866 1048 2920 est
1097 2847 1367 2939 conserventur,
1404 2856 1537 2942 singuli
1565 2879 1628 2939 suo
1659 2857 1737 2927 loco
1766 2871 1943 2948 praestent
1971 2856 2084 2926 officia

57 2964 156 3039 Deus
170 2973 332 3033 aeternus
347 2956 512 3027 conditor
532 2953 670 3045 generis
683 2949 853 3040 humani,
878 2978 958 3024 cum
974 2953 1047 3023 lilio
1097 2957 1278 3029 communi
1295 2956 1543 3049 tranquillitati
1557 2958 1688 3043 debita,
1709 2972 1743 3028 rt
1757 2959 1870 3031 velint
1879 2958 2087 3034 Academias

56 3090 123 3138 suo
144 3076 306 3144 aeterno,
334 3055 491 3128 Domino
514 3071 634 3127 nostro
655 3052 893 3127 iesuChristo
918 3069 952 3128 et
966 3054 1050 3146 Spia
1097 3082 1171 3128 esse
1184 3082 1266 3127 vera
1282 3056 1347 3127 Dei
1364 3058 1504 3148 templa,
1530 3072 1564 3127 et
1579 3072 1785 3129 ornamenta
1797 3056 1983 3144 Ecclesiae,
2005 3058 2086 3152 qui-

42 3169 133 3240 ·ritu
156 3177 295 3246 saneto,
321 3158 383 3254 qni
404 3157 473 3226 sibi
493 3153 686 3227 Ecclesiam
711 3169 887 3226 aeternam
912 3156 1049 3245 colligit
1099 3165 1165 3231 bus
1187 3158 1334 3231 Rector·
1347 3158 1393 3229 sit
1415 3159 1510 3228 lilius
1529 3159 1615 3245 Dei,
1646 3157 1825 3231 Dominus
1846 3173 1967 3230 noster
1988 3158 2085 3229 lesus

58 3291 146 3340 voce
159 3261 344 3353 Evangelii
360 3284 423 3352 per
437 3273 471 3329 et
485 3273 629 3350 propter
641 3258 754 3328 filium
769 3255 965 3328 Dominum
981 3281 1049 3326 no-
1098 3257 1278 3345 Christus,
1311 3261 1496 3330 crucifixus
1518 3285 1585 3351 pro
1608 3260 1730 3346 nobis,
1755 3264 1996 3342 resuscitatus,
2030 3283 2086 3329 se·

58 3385 175 3444 strum
198 3367 315 3437 lesum
330 3359 534 3445 Christum,
567 3360 771 3430 crucifixum
797 3384 862 3451 pro
886 3359 989 3428 nobis
1014 3373 1049 3428 et
1098 3366 1187 3431 dens
1202 3363 1247 3431 ad
1262 3364 1420 3431 dextram
1442 3361 1577 3430 aeterni
1595 3362 1722 3452 patris,
1748 3365 1836 3432 dans
1849 3364 1944 3432 dona
1967 3356 2087 3431 homi-

59 3467 324 3545 resuscitatum,
349 3477 383 3533 et
404 3462 616 3532 mirabiliter
635 3461 673 3529 iu
696 3460 803 3530 tantis
827 3459 1047 3530 confusioni·
1099 3465 1224 3547 nibus,
1257 3462 1419 3532 Pastores
1449 3475 1484 3531 et
1510 3458 1702 3549 Doctores,
1736 3464 1825 3533 sicot
1849 3464 1968 3557 inquit
1993 3464 2086 3554 ipset

59 3558 128 3647 bus
142 3568 279 3662 generis
300 3556 448 3635 hurirani
472 3562 641 3654 protegit,
668 3576 702 3632 el
718 3575 833 3634 wrvot
848 3576 967 3631 coelus
981 3564 1048 3630 do-
1099 3563 1312 3658 Ubicunque
1326 3577 1409 3633 snut
1424 3565 1496 3632 duo
1509 3577 1571 3633 aut
1586 3577 1656 3633 tres
1672 3566 1871 3655 congregati
1888 3567 1925 3633 in
1940 3565 2086 3634 nomine

59 3673 215 3749 centium
236 3683 271 3741 et
295 3665 506 3737 discentium
529 3660 774 3753 Evangelium.
966 3737 967 3740 ,
1099 3691 1198 3745 meo,
1224 3667 1262 3735 in
1276 3667 1394 3733 medio
1412 3688 1642 3738 eorumsum.
1693 3663 1800 3736 Hune
1818 3691 1939 3736 verum
1956 3664 2088 3736 Recto-

74 3854 81 3863 ,
159 3770 253 3844 Huic
277 3793 360 3839 vero
384 3767 460 3837 Deo
485 3780 626 3835 aeterno
655 3766 745 3855 patri
763 3761 911 3835 Domini
933 3763 1047 3833 nostri
1098 3792 1172 3838 rem
1188 3765 1385 3837 Dominum
1407 3778 1567 3836 nostrum
1586 3765 1699 3836 lesum
1717 3764 1918 3855 Christum,
1944 3768 2005 3863 qui
2030 3767 2087 3835 in.

59 3878 143 3952 Iesu
156 3870 289 3947 Christi
304 3868 433 3959 gratias
448 3890 532 3956 ago,
557 3869 651 3960 qood
670 3862 839 3936 hactenus
856 3865 1047 3934 clementer
1099 3869 1192 3963 quit:
1218 3866 1294 3958 Ego
1311 3890 1390 3936 sum
1405 3866 1505 3950 vitis,
1530 3892 1594 3937 vos
1610 3868 1791 3957 palmites,
1818 3895 1901 3955 oro,
1925 3884 1967 3940 ut
1981 3869 2087 3938 faciat

59 3982 100 4054 in
122 3975 180 4049 his
201 3972 407 4065 regionibus
434 3969 569 4059 colligit
595 3982 773 4038 aeternam
798 3963 991 4036 Ecclesiam
1013 3978 1049 4036 et
1100 3993 1166 4041 nos
1184 3969 1250 4039 sibi
1266 3969 1448 4062 palmites,
1474 3991 1541 4039 nos
1556 3971 1697 4055 doceat,
1723 3972 1895 4066 gubernet
1917 3968 1951 4040 et
1968 3984 2086 4062 prote.

58 4103 164 4154 serae
180 4072 362 4148 doctrinae
382 4073 517 4154 studia,
542 4085 714 4140 eteorum
735 4063 886 4157 hospitia
905 4090 1048 4137 conser—
1099 4084 1166 4163 gat,
1219 4071 1346 4142 Amen.

59 4197 130 4269 rat,
148 4194 182 4251 et
194 4174 287 4248 hanc
301 4172 528 4245 Academiam
542 4183 665 4241 contra
677 4172 870 4240 multorum
891 4164 1046 4238 hostium

59 4284 196 4358 rabiem
212 4277 381 4372 protegit,
407 4287 442 4343 et
460 4288 500 4344 ut
521 4297 659 4365 semper
672 4285 849 4365 protegat,
873 4265 964 4339 hanc
983 4268 1046 4339 tle-⁴
1101 4301 1157 4315 -·-
1483 4292 2084 4314 --—-----—----

60 4385 201 4460 clesiam
233 4393 268 4450 et
296 4374 544 4458 Academiam,
582 4397 725 4465 precor,
760 4374 842 4466 quia
868 4372 1048 4441 verissime

59 4488 196 4568 dictum
218 4494 284 4553 est:
324 4477 401 4548 NJsi
424 4475 601 4557 Dominus
621 4475 828 4545 custodierit
850 4473 1047 4557 civitatem,
1113 4457 1185 4529 No.
1206 4458 1269 4530 4'2.
1828 4464 1859 4526 7.
1880 4461 1955 4526 Des.
1981 4461 2076 4531 teas.

59 4590 190 4664 frustra
204 4582 326 4674 vigilat
339 4578 400 4672 qni
415 4579 570 4648 custodit
584 4601 671 4648 eam.
710 4574 802 4645 Cum
818 4586 935 4643 autem
953 4576 1046 4642 bono
1106 4552 1278 4610 W
1728 4546 1733 4561 ¹
1806 4559 2091 4598 Μ.

59 4689 210 4764 consilio
228 4682 458 4756 constitutum
473 4679 529 4761 sit,
551 4689 595 4747 ut
609 4678 769 4771 quolibet
783 4675 941 4745 semestri
955 4695 1047 4744 ortus
1166 4667 1200 4721 ¹¹¹
1216 4661 1347 4720 omia..
1357 4660 1392 4717 Τ·
1407 4663 1441 4720 V·
1453 4681 1481 4734 Ρ·
1495 4659 1545 4717 ¹⁶⁸
1556 4679 1617 4734 ‘tt-
1626 4668 1656 4716 11
1666 4661 1696 4716 5³
1711 4659 1839 4717 orestae.
1852 4669 1939 4736 podr-
1951 4679 1980 4732 o·
1995 4663 2053 4731 ²²⁴·

59 4782 223 4869 Βθῖῖῡῆδ
249 4786 288 4858 ἷ“
308 4782 419 4853 “llum
443 4781 692 4871 ²¹³⁰⁸f⁸m¹⁰'’
725 4792 759 4848 ‘¹
785 4777 897 4870 9⁸⁰⁸st
924 4798 1046 4846 ‘'¹⁰¹¹“
1149 4828 1288 4899 Petilio
1318 4821 1369 4895 cd
1395 4821 1760 4894 Vicecunoellurr‘um
1788 4806 2035 4910 Academiae,

59 4884 290 4986 scire,'‹'1ue'rn
304 4882 546 4997 magistratum
563 4872 727 4966 habeant,
752 4881 789 4949 id
808 4878 949 4970 publice
962 4901 1047 4968 pro-
1099 4924 1186 5018 (om
1203 4930 1302 4996 Paulo
1320 4927 1419 4992 Em
1444 4927 1531 4995 M·
1555 4924 1630 4992 Dm
1657 4929 1752 4992 ¹559·
1778 4930 1957 4992 mmm
1980 4928 2088 5008 grados

59 4994 219 5115 ponitur.
270 4986 393 5079 itaque
413 5008 552 5075 expono
576 4982 695 5067 vohis,
720 4982 816 5101 qupd
836 4980 1047 5096 faustum-et
1213 5014 1214 5019 ¹
1383 5021 1556 5094 Domum
1576 5035 1611 5091 in
1632 5006 1803 5119 moloc.)

58 5096 166 5170 foehx
181 5105 238 5175 stt,
262 5090 412 5160 electum
430 5108 503 5155 esse
515 5083 702 5157 Rectorem
718 5080 824 5155 husus
838 5082 1047 5150 Acaderutae
1738 5129 1746 5137 -

59 5199 178 5270 virum
204 5188 459 5272 clarissimum,
492 5183 691 5255 eruditione
720 5198 756 5256 et
782 5184 912 5255 virtute
943 5202 1045 5272 prae·
1098 5167 1313 5251 Revereude
1334 5174 1410 5262 vir,
1440 5171 1597 5249 Domine
1618 5171 1912 5244 Viceesucellarie
1935 5174 2089 5265 integer-

57 5313 210 5374 stantem
233 5287 435 5385 Georgium
456 5276 694 5377 Crusorium,
725 5283 916 5357 Ductorem
940 5281 1044 5365 luris,
1096 5279 1199 5356 nme.
1248 5277 1390 5351 Scimus
1411 5276 1582 5370 scriptum
1606 5296 1681 5346 eus
1700 5275 1746 5346 de
1760 5272 1856 5347 Filio
1870 5274 1953 5349 Dei:
1978 5273 2088 5348 Sedet
