4546 5760
111 206 184 290 en
820 196 1144 323 carnutum
1193 180 1300 278 ura.
1326 201 1410 278 111.
1863 295 1872 311 ἱ
2063 200 2149 276 are.

145 387 209 456 No.
229 384 315 459 258.

124 485 335 521 Μ

825 408 830 415 ’
947 380 1102 496 'Q
1155 370 1242 443 Esse
1256 370 1373 443 Deum
1390 397 1533 455 verum,
1559 375 1770 466 patefactum
1788 375 1828 444 in
1845 398 1936 468 rupe
1949 370 2053 446 Sinai

1206 472 1357 558 Norint,
1382 474 1446 567 qui
1464 481 1640 546 mnndum
1656 477 1838 558 condidit,
1863 491 1972 572 atque
1989 474 2092 568 regit:

183 608 265 682 aper
286 607 411 662 venene
425 601 566 684 psquq.
579 610 604 655 a
617 601 646 655 a
659 598 774 672 serape.
788 597 863 670 pust
877 596 912 652 r.
928 597 948 654 t
963 598 1058 667 ens.
1069 625 1102 640 -
1156 573 1298 667 Quique
1314 579 1571 666 redemptorem
1583 578 1679 648 misit
1694 583 1738 648 de
1752 578 1890 668 virgine
1906 591 2045 658 natum,

221 677 344 731 vincent.
365 674 394 728 in
416 690 537 745 margine
559 671 653 725 habete
679 687 782 739 „orm
803 669 878 724 1562
900 671 931 720 ln
950 668 1045 722 reditu
1065 685 1104 722 ex
1207 675 1281 766 Qui
1295 678 1375 746 viva
1391 679 1526 749 “qemi
1546 680 1786 771 patrssimngo
1803 681 1858 751 wi
1873 693 1943 751 esp:
2053 694 2058 702 ·

218 748 320 801 itinere
333 743 554 811 Noriderge'nw

404 921 465 991 De
480 920 586 990 venis
601 915 815 987 metallicis.

82 1097 92 1111 ‘
118 1086 199 1159 Non
214 1111 295 1156 casu
312 1086 473 1156 volucres
490 1082 611 1154 Atomi
628 1082 705 1150 sine
720 1093 837 1149 mente
853 1091 1007 1162 ruentes,

169 1187 271 1258 Hanc
288 1189 412 1257 mundi
429 1189 579 1256 sormam
599 1205 817 1274 progenuere
833 1205 971 1249 novam.

1047 825 1050 829 ,
1156 777 1291 847 Vocem
1304 776 1491 868 Evangelii
1506 782 1568 873 qui
1583 783 1671 851 dura
1689 782 1728 850 iu
1745 795 1884 873 pectora
1901 781 2048 875 spargit,
2172 772 2174 783 Ι

1208 878 1413 949 Foecnndat
1426 899 1563 952 montes
1579 883 1712 952 semine
1728 897 1768 953 ut
1782 883 1857 975 ipse
1871 886 1968 954 dato.

1155 978 1268 1051 Addit
1285 996 1318 1050 et
1337 977 1420 1050 'nic
1437 982 1545 1051 vitam
1559 984 1700 1056 coelesti
1716 985 1851 1055 lumine
1868 985 1960 1071 voci,

1207 1083 1351 1152 Adfiatu
1365 1096 1500 1152 mentes
1515 1084 1588 1153 urit
1601 1085 1723 1177 etipse
1738 1110 1815 1158 suo.

1154 1180 1322 1255 Fossores
1337 1197 1454 1253 tamen
1469 1208 1542 1254 esse
1560 1186 1674 1268 iubet,
1700 1212 1762 1257 sna
1776 1188 1872 1258 dieta
1887 1187 2023 1275 docnt,

118 1288 318 1361 Formatrix
338 1293 398 1358 sed
421 1311 520 1356 mens
534 1286 675 1377 sapiens
697 1309 737 1352 ac
751 1283 884 1375 optima
899 1280 1025 1352 mundi
1039 1294 1104 1367 est,
1205 1284 1254 1355 Et
1269 1286 1386 1354 studio
1400 1286 1487 1355 disci
1502 1288 1672 1379 praecipit
1688 1290 1761 1380 ipse
1777 1289 1846 1380 pio.

169 1389 302 1462 Omnia
318 1415 407 1484 quae
424 1389 513 1458 mira
530 1387 693 1457 condidit
704 1398 778 1454 arte
792 1384 898 1458 Deus.

117 1491 345 1586 Consilioque
364 1515 466 1581 sagax
483 1491 598 1559 varios
614 1486 775 1557 distinxit
792 1488 835 1554 ad
852 1509 948 1570 usus,

169 1593 219 1665 Et
232 1598 397 1686 prodesse
417 1591 554 1662 homini
569 1604 701 1660 caetera
722 1603 848 1657 cuncta
864 1587 973 1661 iubet

116 1695 165 1769 Et
182 1699 274 1766 clara
290 1696 467 1788 impressit
482 1693 604 1762 multis
622 1691 766 1779 vestigia
783 1690 899 1774 rebus,

169 1796 321 1889 Agnosci
337 1797 474 1890 sapiens
488 1794 651 1865 conditor
664 1797 761 1861 unde
775 1805 890 1883 queat.

1155 1384 1259 1456 Disce
1274 1387 1488 1477 sareptanae
1504 1390 1630 1458 viduae
1647 1391 1703 1480 pia
1721 1389 1830 1477 sacta,
1856 1392 2047 1487 iidemque,

1206 1487 1303 1558 Haec
1317 1488 1435 1580 aliqua
1451 1502 1491 1559 ut
1511 1491 1639 1560 referas
1654 1505 1768 1582 parte,
1793 1514 1936 1581 precare
1951 1488 2079 1564 Deum.

1155 1588 1208 1659 Ac
1225 1591 1331 1659 simul
1347 1590 1483 1659 effundi
1498 1591 1656 1660 divinam
1673 1593 1711 1660 in
1726 1607 1865 1684 pectore
1880 1593 2011 1678 lucem,

1207 1691 1319 1783 lnqne
1335 1691 1434 1761 sinus
1454 1706 1565 1761 terrae
1579 1695 1713 1762 semina
1728 1695 1844 1784 larga,
1870 1708 1980 1786 petas.

1157 1790 1274 1863 Gnate
1290 1789 1356 1861 Dei
1373 1792 1503 1883 elligies
1520 1796 1654 1865 aeterni
1673 1796 1753 1865 viva
1767 1797 1936 1886 parentis,

116 1900 212 1972 Haec
248 1901 386 1972 bonitas
419 1898 628 1968 celebranda
665 1909 723 1963 tna
756 1905 809 1962 est
839 1888 936 1962 Deus
970 1890 1103 1982 optime
1164 1924 1167 1928 ⁸
1204 1892 1444 1986 Hospopnlos
1460 1917 1596 1983 serves,
1622 1909 1656 1965 te
1677 1920 1817 1986 precor,
1844 1913 2072 1992 atqueregas.

627 2019 774 2089 semper,

167 2104 237 2176 Fac
252 2121 369 2197 gratae
385 2113 517 2171 mentes
533 2113 573 2169 nt
588 2112 648 2168 tua
666 2097 754 2166 lacta
772 2108 912 2174 canant,

116 2207 237 2298 Quare
253 2208 356 2277 etiam
377 2219 491 2294 grates
513 2226 576 2292 pro
595 2204 692 2269 tanto
710 2194 777 2267 hoc
795 2219 942 2267 munere
957 2197 1052 2283 dico,

40 2384 44 2391 ,
168 2307 272 2398 Quod
290 2322 422 2379 certum
440 2319 490 2373 est
506 2302 590 2372 artis
605 2315 743 2370 tantum
760 2322 849 2388 opus
863 2321 936 2366 esse
952 2313 1049 2367 tnae:

117 2411 244 2484 lntima
261 2413 354 2504 quod
375 2431 481 2476 venas
494 2403 649 2494 sparsisti
669 2404 705 2470 in
725 2401 854 2469 viscera
874 2415 999 2485 terrae,

166 2513 297 2586 Usibus
313 2527 351 2581 ut
368 2508 496 2578 nostris
513 2520 591 2596 apta
610 2503 749 2573 metalla
769 2503 894 2573 ferant.

115 2614 241 2688 Lactea
263 2615 323 2684 nbi
340 2612 447 2680 lnmis
464 2606 680 2700 hydrargyro
698 2603 805 2670 mixta
819 2616 1022 2694 coquuntur

166 2713 393 2807 sulphureis,
419 2712 527 2779 librae
542 2707 673 2776 semina
693 2705 804 2793 prima
824 2727 947 2771 novae.

113 2818 278 2911 Dantqnc
295 2817 379 2883 alias
395 2815 526 2880 formas
541 2806 700 2876 coelestia
719 2806 853 2873 lnmina
869 2806 1003 2886 massis,

164 2920 211 2990 Et
226 2941 333 3008 vagus
351 2917 386 2983 in
406 2912 508 2982 terris
524 2907 591 2980 hoc
607 2910 703 2979 iuvat
718 2907 810 2996 ignis
824 2930 922 2994 opus.

115 3025 183 3098 Sed
202 3022 285 3090 satis
300 3018 397 3086 effari
415 3028 519 3107 queat
532 3008 618 3081 haec
635 3010 802 3078 miracula
821 3032 937 3099 uerno,

164 3125 242 3196 Hoc
255 3134 387 3193 certum
407 3130 476 3197 est,
502 3113 598 3183 nasci
612 3127 735 3182 cuneta
753 3111 894 3179 fovente
908 3107 997 3184 Deo.

113 3228 176 3302 Vis
193 3227 297 3294 etiam
313 3232 433 3289 nostro
448 3215 568 3308 quaeri
582 3207 665 3282 haec
681 3226 740 3281 tua
757 3212 849 3279 dona
865 3209 999 3296 labore,

165 3325 356 3415 Legitimos
372 3342 457 3389 usus
473 3331 506 3386 et
522 3332 581 3387 tua
598 3314 689 3382 dicta
707 3315 844 3382 docent.

114 3426 296 3500 Mandasti
310 3423 489 3516 qnondam
504 3419 598 3486 lieret
618 3414 682 3485 tibi
702 3429 740 3483 nt
753 3438 856 3482 aurea
875 3416 973 3484 sedes

169 3534 263 3600 lntra
282 3526 417 3595 aditum
435 3520 557 3610 templi
574 3517 738 3588 conditor
751 3516 842 3585 alme
858 3516 922 3588 tui.

116 3632 250 3704 Iussisti
265 3630 367 3697 binas
383 3622 514 3711 argenti
533 3621 686 3710 pendere
701 3612 897 3700 drachmas,

166 3733 213 3804 Ut
229 3741 426 3801 servaretur
445 3722 638 3811 relligionis
654 3716 780 3786 honor.

115 3832 161 3906 Et
175 3837 306 3904 iustum
323 3853 395 3896 esse
410 3829 529 3906 «loces,
558 3847 620 3912 par
634 3820 869 3910 cnrnpensatio
887 3844 966 3887 cnm
982 3819 1031 3903 lit,

166 3936 225 4007 Sic
243 3935 295 4000 vis
313 3955 376 4022 pro
392 3939 505 3997 sumta
524 3948 635 4021 nterce
655 3922 826 3990 nomisma
843 3921 934 3992 dari.

115 4036 274 4128 Cumque
292 4034 418 4122 probas
434 4026 557 4116 operas
574 4027 764 4094 fossorum:
791 4018 946 4092 Ecclesia
965 4045 1066 4113 saepe

165 4137 232 4208 His
250 4132 395 4205 collecta
413 4130 500 4199 locis
520 4128 608 4205 lida,
636 4125 846 4217 placensque
871 4125 937 4194 tibi
953 4139 1014 4197 est.

115 4237 320 4332 Strymonia
338 4231 457 4302 docuit
473 4255 553 4296 nam
573 4226 705 4296 Panlns
729 4226 764 4294 in
782 4227 869 4294 urhe
887 4223 1073 4317 Philippis,

165 4340 234 4411 Hic
249 4337 311 4408 nbi
326 4351 410 4406 tunc
426 4331 501 4402 auri
520 4353 606 4397 vena
625 4331 792 4419 opulenta
806 4327 886 4395 luit.

114 4444 333 4532 Divitiasqne
351 4436 419 4505 loci
437 4431 626 4501 celebravit
644 4431 746 4517 longa
765 4441 927 4505 vetustas,
1004 4520 1007 4525 θ

167 4543 259 4615 Urbs
276 4542 323 4608 ibi
340 4561 421 4607 nam
438 4531 549 4603 Datns
564 4556 637 4602 non
655 4531 773 4599 minor
785 4542 866 4598 ante
882 4528 960 4602 fnit.

116 4645 185 4719 Sed
203 4643 295 4734 cepit
308 4639 410 4711 Pauli
427 4636 586 4706 doctrina
603 4633 712 4702 ditior
733 4655 817 4713 esse,

166 4746 239 4834 Qui
257 4741 378 4834 populi
396 4761 511 4808 mores
528 4735 724 4827 praedicat,
748 4746 852 4824 atque
870 4731 986 4806 fidem.

115 4847 209 4919 Exnl
226 4845 287 4914 ubi
305 4843 431 4911 viduae
455 4840 582 4928 pietate
604 4849 766 4926 exceptus
782 4830 880 4903 Elias
1017 4838 1024 4848 ‘

81 4970 84 4974 ’
167 4945 314 5020 Sidonia
334 4943 514 5035 quondam
528 4963 601 5006 non
614 4938 737 5027 procul
754 4937 842 5005 urbe
856 4934 934 5007 fuit.

114 5051 216 5122 Hica
233 5045 393 5116 conllatis
408 5043 553 5134 antiqua
569 5037 714 5129 Sarepta
728 5037 890 5121 metallis,

166 5153 290 5221 Artem
306 5165 444 5238 etopus
459 5154 630 5212 monstrat
648 5139 792 5209 nomine
804 5139 897 5209 clara
914 5161 991 5212 suo.

1154 1990 1208 2064 Ac
1222 1993 1417 2085 Evangelio
1432 2019 1571 2087 semper
1585 1998 1650 2068 titi
1664 1999 1791 2089 collige
1807 2014 1962 2086 eodum,

1204 2095 1387 2167 Conceelas
1400 2097 1527 2166 studiis
1544 2094 1807 2194 hospitiumque
1825 2101 1903 2193 piis

1153 2196 1250 2268 Haec
1267 2199 1387 2266 animo
1404 2199 1518 2283 volni,
1545 2201 1623 2290 iuga
1643 2226 1705 2293 per
1720 2197 1932 2274 loachimica
1950 2218 2082 2287 vectus,

1205 2299 1343 2394 Perque
1358 2297 1485 2370 Annae
1501 2316 1639 2372 montes
1654 2304 1716 2396 qui
1730 2307 1837 2374 modo
1855 2329 1987 2375 nomen
2004 2300 2133 2376 habeut

1179 2634 1244 2706 No.
1267 2633 1355 2707 259.

1172 2732 1377 2762 Λ,
1990 2646 2135 2766 w

1222 2836 1301 2904 Apud
1317 2833 1440 2893 Vincenl.
1456 2854 1484 2916 p..
1499 2837 1547 2917 ll0
1554 2855 1598 2915 pq.
1612 2863 1647 2916 '.'
1685 2834 1745 2916 vid.
1762 2852 1829 2905 qnae
1843 2837 1878 2893 (le
1891 2839 2000 2895 dnobus
2015 2841 2135 2915 Philippis

1256 2905 1416 2957 Melantbon
1432 2912 1540 2974 scripsit
1553 2922 1581 2956 nr
1596 2903 1716 2972 epistolas
1731 2904 1792 2961 Vol.
1807 2906 1867 2967 Vll,
1882 2927 1910 2980 p.
1921 2907 1985 2965 962.

1153 3047 1354 3116 oraculum
1388 3048 1429 3114 in
1464 3041 1641 3114 Achaicis
1676 3049 1894 3120 Pausaniae
1926 3046 1977 3120 de
2005 3049 2134 3123 minist

1176 3146 1374 3238 Philippis,
1401 3147 1522 3219 altero
1536 3140 1659 3238 felici,
1686 3149 1807 3220 altero
1824 3154 1930 3246 repas·
1943 3174 2117 3227 eversore.

1118 3306 1120 3315 '
1155 3295 1195 3365 ln
1212 3295 1400 3365 Macedum
1415 3293 1557 3384 populis
1573 3294 1766 3365 clarissima
1784 3320 1893 3387 regna
1909 3300 2094 3387 tenebunt,

1153 3399 1284 3486 Argiva
1311 3400 1354 3464 de
1376 3396 1504 3485 stirpe,
1531 3396 1684 3476 bonum,
1711 3400 1954 3493 damnumque
1976 3397 2128 3495 Philippi.

1152 3498 1290 3568 Horum
1308 3498 1367 3589 qui
1387 3498 1484 3585 prior
1499 3511 1571 3578 est,
1595 3512 1716 3585 gentes
1731 3500 1908 3593 urbesque
1923 3504 2091 3588 domabit,

1153 3601 1223 3670 Sed
1239 3601 1366 3669 veteris
1381 3597 1480 3684 regni
1499 3599 1620 3687 perdet
1636 3601 1742 3668 decess
1757 3624 1861 3669 omne
1874 3609 2053 3676 secundus

1153 3703 1185 3770 A
1201 3700 1341 3792 populis
1356 3698 1485 3781 victus,
1511 3724 1600 3791 quos
1614 3700 1755 3771 mittent
1772 3726 1894 3793 vesper
1908 3718 1944 3775 et
1959 3721 2067 3779 ortus.

1154 4033 1218 4103 Nn.
1239 4036 1326 4106 260.

1162 4129 1333 4158 m

1974 4068 2023 4114 ao.
2038 4044 2113 4110 tata
2169 4030 2174 4047 ¹

1966 4131 2115 4165 Μ

1222 4234 1300 4304 Apud
1317 4233 1445 4291 vincent.
1460 4253 1485 4306 p.
1496 4234 1598 4306 bisqq.
1614 4242 1639 4286 et
1653 4234 1680 4286 in
1693 4233 1808 4306 Scriptis
1821 4234 1898 4306 publ.
1913 4237 1946 4297 Τ.
1960 4238 1985 4298 1.
2001 4261 2028 4314 p.
2037 4234 2109 4295 till·
2170 4218 2174 4247 Ἰ

1152 4378 1213 4448 De
1240 4375 1375 4470 oppido
1404 4382 1548 4472 Tarpa,
1578 4383 1746 4471 quaein
1775 4378 1918 4454 tobalia
1937 4381 2118 4460 mntem

1384 4484 1629 4552 existimetur
1645 4502 1725 4552 esse
1738 4481 1905 4580 Argelia.

1154 4629 1248 4701 Urbs
1262 4646 1362 4701 vetus
1380 4647 1431 4703 est
1444 4633 1558 4723 gentis
1575 4631 1762 4728 Mysorum
1776 4635 1924 4707 nomine
1938 4632 2063 4733 Torgs,

1201 4730 1270 4801 Hic
1283 4733 1349 4803 sita
1365 4736 1428 4804 ubi
1443 4735 1544 4804 ssavis
1562 4736 1696 4803 labitur
1709 4730 1814 4805 Albis
1828 4736 1942 4831 aquis.

1153 4831 1254 4922 Quae
1269 4835 1381 4904 fausta
1398 4839 1580 4928 quondam
1597 4825 1689 4906 dicta
1705 4848 1758 4906 est
1773 4835 1917 4926 Argelia
1932 4866 2030 4927 voce,

1205 4933 1247 5004 ln
1261 4937 1391 5006 tabulis
1407 4952 1564 5007 veterum
1578 4962 1642 5006 ceu
1656 4955 1884 5010 monumenta
1901 4941 2039 5015 docent.

1151 5034 1225 5107 Nec
1238 5063 1360 5124 vocem
1378 5036 1551 5107 Graecam
1568 5039 1670 5108 terris
1688 5039 1859 5111 miremur
1873 5042 2016 5128 inistis,

1204 5135 1353 5223 lonicae„
1360 5140 1456 5228 genti
1473 5138 1589 5232 Mysia
1604 5140 1712 5209 mixta
1727 5140 1808 5211 suit.

113 5253 229 5326 Multa
246 5253 360 5321 bonae
376 5260 509 5333 mentes
524 5242 679 5332 exempla
695 5237 780 5310 hinc
792 5264 931 5310 sumere
942 5253 1100 5331 possunt,
1152 5238 1317 5310 Forsitan
1334 5241 1399 5311 ista
1413 5241 1482 5312 fuit
1494 5237 1732 5312 Dominarum
1749 5243 1845 5332 regia
1862 5247 1976 5334 seda,

167 5353 268 5444 Quae
285 5353 440 5422 formant
454 5367 589 5431 mores,
615 5367 704 5445 quos
720 5343 846 5437 probat
861 5341 936 5434 ipse
948 5339 1056 5419 Deus.

1203 5339 1299 5412 Hinc
1315 5343 1430 5461 solare¹
1444 5344 1547 5416 iubar
1563 5341 1710 5414 nomina
1728 5343 1823 5416 clara
1835 5347 1947 5423 dedit
