4546 5760
84 192 140 269 ιι
656 172 1514 285 adussero-uesncannutcan
1979 190 2098 265 -ιιι
2135 144 2141 155 ’

84 366 144 439 nis
157 360 353 437 doloribus
375 354 512 448 cordis,
554 378 588 435 et
607 352 753 456 propter
773 364 860 434 alias
883 350 1053 457 quasdam
1107 358 1189 446 ais,
1214 368 1249 431 et
1267 357 1471 443 similium,
1498 360 1594 433 tales
1618 358 1729 432 ctiam
1747 359 1922 460 placeant
1937 361 2044 443 Deo,
2063 371 2095 434 ct

84 462 206 549 etism,
247 480 373 537 natura
388 462 514 535 'umen
539 465 714 559 expellere
738 478 871 536 stercus
893 477 1054 545 conatur,
1105 462 1183 532 sint
1199 456 1375 533 haeredes
1392 463 1487 535 vitoe
1501 463 1698 534 aeternae?
1734 464 1836 538 Hanc
1851 467 2093 563 quaestionem

84 572 172 667 prod-
191 588 271 641 eum
291 592 365 637 non
380 567 549 657 recipitur
562 570 608 638 ab
624 567 853 637 inferioribus
867 567 1056 649 intestinis,
1107 566 1261 636 arbitror
1276 565 1358 636 ideo
1382 567 1525 659 dignam
1546 590 1620 638 esse
1643 567 1893 659 explicatione,
1916 583 1957 640 ut
1978 569 2093 639 disca-

84 686 164 745 ttro
186 671 333 765 pellitur
353 693 395 739 ex
418 670 666 759 gracilioribus
690 670 869 739 intestinis
888 671 933 738 nd
957 668 1055 737 orifi-
1103 691 1206 750 mus,
1227 667 1292 737 ubi
1306 682 1341 738 et
1355 693 1444 761 quae
1458 669 1504 740 sit
1518 666 1674 739 Ecclesia
1687 666 1774 756 Dei,
1798 684 1833 743 et
1846 694 1935 765 quae
1950 672 1995 741 sit
2011 694 2094 740 vera

83 772 164 848 ἰιιιιι
180 771 390 853 ventriculi,
415 774 511 841 unde
528 772 570 842 ad
590 771 708 862 gulam
726 773 895 843 ascendit.
1107 770 1305 856 invocatio,
1323 795 1414 863 quae
1429 772 1572 863 propria
1590 767 1770 843 Ecclesiae
1784 775 1957 847 doctrina.

113 914 132 959 ῃ
170 874 250 947 Huc
265 872 417 953 accedit,
444 886 484 943 ut
496 868 658 943 Galenus
676 873 780 958 dicit,
801 872 896 965 quod
921 871 1057 941 ventri·
1207 868 1369 941 Primum
1391 873 1486 942 enim
1511 897 1576 965 pro
1604 874 1768 962 gentibus
1797 877 1911 947 multa
1940 872 2096 967 speciose

84 978 187 1063 elus,
213 989 380 1045 metuente
394 974 470 1045 eins
491 976 643 1045 naturali
664 975 819 1053 virtute.
851 974 957 1043 etiam
982 974 1058 1064 pel·
1108 972 1286 1047 dicuntur.
1328 971 1412 1043 Non
1428 974 1596 1065 ignorant
1609 974 1742 1061 Deum,
1766 979 1825 1047 sed
1842 1002 1963 1047 revera
1978 974 2097 1046 sciunt

84 1082 105 1152 'a
128 1102 289 1161 sursum,
316 1100 391 1146 eam
418 1077 622 1166 praesertim
645 1076 822 1160 illuviem,
848 1100 937 1169 quae
960 1098 1058 1143 mor-

84 1196 127 1253 et
141 1180 401 1261 ventriculum,
426 1179 543 1270 qualis
558 1192 652 1247 certe
665 1192 716 1248 est
731 1178 883 1262 illuvies,
909 1178 967 1246 cui
982 1190 1057 1246 atra

84 1283 154 1354 »ilis
169 1284 356 1364 miscetur,
381 1302 471 1373 quase
486 1280 630 1372 quidem
648 1280 785 1348 moveri
801 1278 890 1348 solet
905 1280 945 1347 in
960 1301 1059 1346 moe-

84 1385 183 1459 ricta.
234 1384 330 1454 Haec
348 1383 515 1450 videntur
531 1382 710 1474 aliquibus
723 1380 958 1471 probabiliter
975 1379 1057 1462 dici,

84 1488 130 1569 ed
145 1512 165 1557 a
182 1498 235 1569 te,
268 1487 323 1554 vir
338 1483 591 1567 eruditissime,
614 1480 660 1554 D.
678 1479 857 1567 Erosme',
882 1482 1059 1573 copiosio-

84 1614 144 1661 em
161 1585 430 1679 explicationem
444 1584 655 1673 flagitamus.

175 1687 341 1759 iuventus
365 1710 448 1754 vero
477 1682 543 1756 hoc
569 1687 747 1776 singulare
776 1680 885 1775 genus
913 1707 1059 1775 poenae,

84 1816 140 1887 pra
170 1785 365 1880 blasphemi
391 1787 507 1857 affecti
531 1790 716 1878 leguntur,
747 1788 993 1868 meminerint,
1026 1799 1060 1854 et

83 1893 256 1983 esinguli
278 1888 537 1976 adsuefaciunt,
563 1905 601 1960 ut
624 1913 706 1958 vera
729 1890 840 1959 animi
863 1888 1059 1959 reverentia

84 1994 187 2063 lcum
210 1994 346 2071 colant,
373 2005 407 2059 et
431 1990 506 2060 eius
529 1990 764 2081 Evangelium
793 1993 1059 2087 amplectantur.

84 2096 187 2171 )ixi..
295 2135 303 2154 .

84 2312 219 2327 ..αι-ι..
229 2314 265 2323 ιι·
274 2312 408 2323 ιο--ιου--η-
417 2310 1063 2325 —uo-t--a—--n—-m

84 2452 150 2527 No.
170 2453 233 2525 31.

84 2546 255 2579 Μ

716 2461 746 2522 d.
773 2466 827 2525 17.
843 2459 948 2543 Septb.
964 2460 1061 2525 1545.

715 2559 1053 2595 *nam

138 2648 349 2733 anuaestion.
360 2668 387 2735 p.
396 2648 464 2706 671.
510 2648 577 2704 ltem
592 2650 620 2703 in
636 2650 740 2704 Consil.
756 2651 822 2705 Mel.
837 2650 867 2706 P.
882 2648 903 2708 l.
921 2670 949 2722 p.
963 2651 1024 2707 688.
1037 2663 1062 2704 rt

84 2748 88 2753 ·
176 2736 205 2773 ιιι
220 2719 347 2775 Decium.
366 2719 393 2774 Γ.
408 2718 456 2772 ΙΙΙ.
477 2718 589 2773 Eriord.
605 2720 657 2807 sol.
673 2720 701 2772 9.
717 2720 746 2773 7.

84 2884 263 2969 lucedio,
281 2902 306 2949 a
322 2884 344 2951 1
351 2877 401 2951 alt
413 2900 533 2951 naue
548 2876 760 2952 Latltero
781 2882 1063 2972 propositaDo-

95 2985 203 3093 ‘etori
221 2988 363 3069 Petro
378 2986 419 3053 11
424 3004 611 3077 epemou
618 3031 634 3070 ,
662 2980 697 3061 d,
716 2979 775 3056 17.
791 2986 893 3075 Sept.
916 2983 1024 3057 tata.

84 3103 232 3189 Nostrae
247 3116 371 3186 aetatis
386 3116 611 3185 imbecillitas
625 3140 699 3184 nou
714 3131 828 3205 potest
845 3116 1003 3186 iudicare
1019 3118 1064 3185 de

84 3218 185 3291 ansis
212 3218 348 3308 legum,
374 3219 433 3285 sed
460 3241 583 3308 parere
599 3241 664 3287 nos
680 3220 778 3287 decet
793 3217 935 3286 iudiciis
950 3232 984 3286 et
998 3243 1064 3286 vo-

84 3319 203 3391 untati
221 3310 414 3410 'parentum
434 3333 468 3387 et
493 3320 789 3408 gubernatorum,
832 3343 985 3411 quorum
1008 3319 1063 3387 vi-

84 3426 200 3497 temus,
213 3422 380 3492 virtutem
394 3435 427 3490 et
445 3420 680 3510 integritatem
694 3421 737 3490 ab
762 3415 919 3489 honestis
943 3414 1062 3489 homi-

84 3524 180 3595 tibus
195 3521 430 3613 comprobari.
468 3520 544 3612 Ego
561 3523 671 3612 igitur
686 3546 760 3591 sion
784 3546 950 3615 quaeram
977 3546 1062 3591 carr-

1108 1099 1216 1145 unam
1231 1098 1304 1143 esse
1317 1089 1493 1147 aeternam
1507 1092 1660 1148 mentem
1673 1078 1833 1169 opificem
1845 1079 1985 1151 mundi.
2019 1074 2097 1146 lmo

1110 1191 1144 1247 et
1161 1174 1263 1245 Plato
1281 1177 1518 1248 eruditissime
1532 1180 1657 1250 definit
1670 1177 1785 1250 Deum
1801 1183 1983 1276 inquiens:
2000 1175 2097 1249 Deus

1109 1294 1275 1349 estmcns
1300 1292 1456 1364 aeterna,
1489 1305 1591 1350 carrsa
1607 1282 1693 1351 boui
1717 1282 1754 1352 in
1781 1299 1917 1355 natura.
1971 1280 2099 1353 Sciunt

1109 1380 1214 1451 etiam
1235 1381 1343 1468 legem
1362 1378 1449 1466 Dei,
1471 1395 1505 1451 et
1528 1383 1633 1454 multi
1653 1386 1936 1456 antecelluerunt
1957 1383 2099 1474 sapien-

1110 1484 1178 1565 tia,
1205 1480 1354 1565 virtute,
1374 1484 1618 1573 magnitudine
1634 1504 1960 1578 rerumgestarum,
1983 1485 2098 1579 impe·

1109 1584 1193 1666 riis,
1218 1583 1453 1667 successibus,
1478 1585 1540 1678 qui
1557 1600 1641 1656 sunt
1656 1588 1822 1658 beneficia
1840 1589 1927 1674 Dei,
1950 1600 1984 1658 ct
2000 1586 2097 1657 testi-

1110 1684 1229 1755 monia
1247 1687 1463 1775 praesentiae
1478 1685 1558 1760 Dei.
1608 1684 1705 1777 Ergo
1730 1684 1769 1758 hi
1795 1715 1935 1785 quoque
1957 1689 2099 1780 placue-

1111 1801 1197 1859 runt
1228 1784 1320 1855 Deo:
1364 1812 1429 1858 nec
1457 1789 1599 1858 videtur
1630 1806 1924 1877 consentaneum,
1963 1803 2099 1861 tautam

1111 1888 1395 1973 multitudinem,
1417 1889 1532 1959 solum
1546 1892 1590 1960 ad
1609 1907 1791 1962 aeternum
1812 1894 1958 1965 exitium
1973 1888 2101 1961 condi-

1112 2006 1182 2065 tam
1199 2012 1290 2076 esse,
1316 2004 1374 2059 aut
1392 1993 1501 2063 tantis
1517 1991 1710 2062 virtutibus
1726 1997 1855 2067 lrcrstra
1875 2018 1934 2065 eos
1954 2005 2100 2064 ornatos

1112 2093 1230 2166 luisse.
1293 2086 1340 2161 Et
1373 2090 1507 2164 Paulus
1537 2093 1672 2189 iuquit:
1713 2095 1842 2168 Nonne
1875 2112 1911 2168 et
1941 2095 2101 2187 gentium

1113 2193 1209 2265 Deus
1226 2192 1302 2261 est?

1212 2290 1427 2388 Quanquam
1452 2310 1570 2367 autem
1592 2292 1680 2367 haec
1713 2323 1777 2390 pro
1810 2299 1974 2389 gentibus
1993 2296 2102 2368 multi

1114 2420 1215 2487 saepe
1228 2394 1519 2487 disputaverunt,
1540 2398 1645 2469 etiam
1661 2415 1743 2470 aute
1757 2404 1869 2472 multa
1885 2401 2021 2483 secula,
2047 2412 2101 2469 ta-

1113 2521 1194 2568 men
1210 2521 1276 2567 nos
1290 2492 1493 2569 inEcclesia
1503 2499 1608 2570 talem
1623 2501 1866 2572 confusionem
1881 2502 2102 2571 nullomodo

1113 2600 1188 2670 lieri
1204 2602 1450 2674 concedamus.
1501 2597 1541 2672 si
1558 2603 1692 2692 pariter
1713 2616 1857 2695 possent
1879 2626 1952 2674 esse
1976 2598 2103 2671 haere-

1114 2703 1177 2772 des
1194 2701 1286 2771 vitae
1305 2715 1468 2771 aeternae
1490 2701 1694 2792 ignorantes
1707 2700 1908 2790 Christum,
1934 2718 1968 2776 et
1990 2726 2104 2794 agne

1114 2817 1266 2887 scentes,
1291 2805 1421 2874 frustra
1437 2806 1559 2874 datum
1585 2803 1929 2898 esseEvangelium,
1954 2830 2020 2875 nec
2044 2827 2104 2875 re·
2154 2862 2158 2869 .

1115 2905 1219 2976 tiueri
1242 2928 1332 2994 opus
1355 2919 1460 2985 esset,
1491 2921 1525 2976 et
1547 2908 1709 2977 omnium
1731 2910 1888 2998 gentium
1911 2906 2105 2997 religiones

1115 3007 1245 3100 pariter
1258 3021 1373 3075 essent
1387 3006 1600 3096 probandae.
2184 3088 2193 3099 Ι

1217 3105 1388 3177 Orandus
1409 3120 1461 3176 cst
1483 3120 1601 3177 autem
1621 3108 1739 3191 Deus,
1764 3132 1810 3177 ue
1834 3110 1871 3179 in
1895 3110 1982 3180 tales
2001 3110 2105 3179 furo-

1115 3234 1170 3281 res
1191 3209 1407 3291 incidamus,
1437 3223 1478 3280 ut
1499 3223 1570 3281 tam
1595 3210 1696 3280 tetris
1727 3214 1908 3281 erroribus
1931 3213 2102 3283 assentia-

1114 3334 1207 3380 mur.
1277 3307 1479 3379 Tencamus
1518 3311 1627 3401 igitur
1663 3310 1801 3381 dictum
1834 3312 2105 3405 Apostolorum,

1114 3414 1211 3506 quod
1227 3411 1265 3479 in
1282 3406 1381 3480 Actis
1397 3434 1471 3502 cap.
1490 3427 1617 3505 quarto
1635 3413 1808 3503 scriptum
1832 3429 1894 3487 est.
1944 3414 2027 3485 Non
2049 3429 2105 3487 est

1113 3515 1210 3584 aliud
1241 3536 1392 3597 noncen,
1436 3514 1474 3581 in
1499 3538 1573 3606 quo
1597 3527 1737 3606 oportet
1762 3515 1877 3585 salvos
1903 3516 1997 3602 beri,
2031 3516 2106 3587 nisi

84 3650 165 3711 em,
189 3648 254 3695 eur
268 3626 524 3708 attotescenres,
551 3624 589 3692 in
613 3625 675 3693 tali
698 3646 863 3693 consessu
886 3624 1060 3693 maiorum
1086 3658 1090 3721 Ι
1114 3638 1244 3683 numen
1264 3613 1412 3683 Domini
1429 3614 1630 3686 uostrilesu
1644 3610 1786 3687 Christi.
1813 3615 1971 3707 Agnosci
1987 3617 2105 3689 filium

84 3741 179 3807 ratu,
218 3726 440 3818 quaestiones
468 3740 688 3817 proponant:
721 3729 781 3794 sed
810 3728 967 3795 modeste
996 3727 1063 3793 ob-

83 3820 470 3919 emperabo'carissirui
490 3828 598 3919 patris
627 3826 698 3895 mei
727 3827 924 3911 voluntati,
963 3828 1062 3896 curius

84 3928 294 4003 autoritatem
323 3951 388 3997 vos
408 3952 549 4025 quoque
571 3930 730 3998 venerari
754 3928 843 4013 scio,
881 3943 916 3997 et
941 3928 1063 4018 publi-

84 4056 129 4103 ae
161 4031 433 4115 conseretudini,
468 4018 616 4127 qpram²a
639 4032 739 4100 vobis
759 4029 979 4121 comprobari
1007 4034 1061 4100 vi-

84 4136 166 4215 leo,·
189 4154 326 4201 morem
353 4154 481 4222 geram.
547 4129 621 4200 Nec
652 4131 859 4201 indecorum
877 4145 955 4225 qest,
995 4156 1061 4201 nos

84 4228 208 4329 lapid
235 4234 455 4322 interrogare
482 4235 527 4302 de
557 4234 719 4302 doctriua
740 4228 946 4323 Evangelii,
979 4260 1058 4304 cum

84 4330 234 4407 {hristus
249 4339 294 4403 cle
308 4352 428 4404 nostra
444 4349 556 4404 aetate
578 4336 723 4404 dixerit:
758 4334 872 4403 Sinite
894 4338 1059 4427 parvulos

1112 3715 1179 3785 Dei
1197 3738 1335 3784 necesse
1351 3729 1417 3784 est:
1445 3729 1480 3785 et
1503 3716 1693 3787 discrimen
1717 3718 1953 3791 invocationis
1975 3721 2109 3789 memb

1113 3819 1280 3890 nerimus.
1332 3815 1484 3887 Etiamsi
1507 3818 1609 3889 Plato
1631 3835 1695 3889 aut
1718 3818 1829 3891 Turci
1853 3822 2033 3908 iactitant,
2065 3846 2110 3892 se

1113 3920 1278 3989 invocare
1300 3914 1413 3989 Deum
1430 3944 1543 3991 unrrm
1567 3922 1789 3992 conditorem
1814 3944 1956 4007 renim-,¹
1983 3938 2107 3995 tamen

1111 4043 1236 4092 aveto
1260 4019 1336 4089 Deo
1366 4023 1552 4105 aberrant,
1595 4023 1678 4117 quia
1707 4017 1804 4095 hunc
1825 4048 1900 4094 non
1922 4026 2102 4108 invocant,

1112 4123 1172 4217 qui
1188 4145 1224 4191 se
1240 4120 1403 4212 patefecit
1419 4123 1527 4193 misso
1543 4124 1635 4210 filio,
1660 4146 1727 4193 nec
1738 4129 1910 4197 accedunt
1924 4129 1967 4196 ad
1984 4124 2104 4198 Deum

1112 4229 1265 4295 ducente
1280 4224 1487 4299 mediatore.
2107 4250 2111 4257 ·

1212 4325 1268 4395 Sit
1289 4325 1400 4414 igitur
1418 4326 1522 4394 infixa
1547 4328 1728 4397 mentibus
1750 4329 1882 4399 nostris
1904 4351 1970 4398 vox
1992 4325 2106 4401 Chri-⁴

84 4438 191 4509 sime
208 4438 342 4521 venire,
358 4438 482 4507 caelium
498 4454 549 4508 est
566 4459 712 4526 regnum
729 4437 922 4511 coeloram».
956 4436 1060 4508 Certe
1083 4420 1088 4509 l
1110 4427 1174 4497 1111
1201 4422 1723 4516 Ωΰῐ11011101101111Ρ11111111,
1757 4454 1832 4499 11011
1860 4425 2012 4502 honorat
2031 4430 2103 4501 Pit·

84 4562 210 4609 necesse
223 4552 275 4608 est
290 4561 356 4607 uos
375 4541 418 4608 ad
443 4538 556 4608 filium
573 4538 663 4622 Dei,
688 4537 875 4606 dominum
895 4553 1058 4610 nostrum

84 4664 190 4713 esum
205 4636 385 4711 Christum
410 4641 614 4709 miscilixum
642 4665 708 4730 pro
724 4640 829 4708 nohis
854 4654 888 4710 et
908 4643 1058 4711 resusci-

1110 4543 1218 4611 trem‚
1253 4529 1312 4597 Sic
1333 4531 1541 4599 accedamus
1563 4533 1609 4599 ad
1633 4528 1794 4616 Patrem,
1818 4546 1859 4603 ut
1879 4532 2008 4603 fiducia
2025 4558 2100 4603 me-

1109 4629 1259 4699 diatoris
1292 4652 1372 4697 eum
1395 4630 1610 4701 invocemus.
1666 4630 1744 4703 Hoc
1771 4632 1834 4727 qui
1858 4658 1933 4702 non
1953 4634 2100 4720 iaciunt,

84 4756 181 4815 ntum
201 4742 349 4826 edelrici,
374 4735 442 4811 hoc
455 4755 525 4825 est,
541 4742 660 4812 multa
678 4744 722 4809 de
736 4766 779 4809 en
793 4744 918 4810 erudire
933 4755 967 4811 et
989 4744 1058 4811 sci.
1110 4755 1175 4801 nec
1198 4731 1367 4802 invocant
1384 4730 1520 4816 Deum,
1545 4730 1612 4800 ne'c
1632 4730 1907 4805 sunt-haeredes
1926 4736 2018 4805 vitae
2039 4760 2100 4806 ae-

84 4844 208 4927 citari,
240 4857 281 4913 ut
300 4868 381 4912 eum
405 4866 486 4912 vere
507 4856 747 4935 agnoscamus.
809 4841 892 4912 ldeo
916 4868 1058 4937 quaeso,
1108 4848 1248 4915 11111118,
1288 4856 1355 4901 nec
1378 4835 1537 4902 membra
1560 4831 1750 4908 Ecclesiae.
1813 4836 1883 4907 Sed
1911 4851 1945 4906 te
1966 4835 2101 4908 Ductor

84 4960 107 5019 ιι
123 4966 237 5015 meam
253 4944 567 5035 interrogationem
584 4968 698 5039 aequm
711 4944 830 5013 auimo
848 4944 1011 5014 audiatis.
1108 4926 1213 5003 Ptin
1228 4936 1272 5003 (le
1287 4929 1354 5002 11111
1368 4936 1575 5026 quaestione
1590 4937 1769 5026 copiosius
1787 4938 2019 5010 disserentem
2034 4964 2100 5009 au·

176 5044 360 5138 lnterrogo
386 5063 521 5118 autem:
562 5044 623 5114 Aa
655 5070 735 5115 cum
765 5070 906 5139 magua
941 5050 1059 5117 virtus

84 5145 182 5220 istril
206 5154 239 5216 el
259 5146 309 5216 sil
332 5146 553 5227 attritorum,
587 5147 655 5245 qui
679 5172 754 5216 non
776 5158 911 5217 norant
923 5142 1056 5239 filium

84 5247 148 5320 aa·
177 5243 367 5320 dominum
402 5258 567 5319 nostram
600 5246 722 5319 [esum
750 5240 965 5332 Christum,
1016 5260 1057 5320 ut

84 5348 215 5428 lamae
238 5344 436 5450 Pompilii,
459 5346 670 5439 Aristides,
695 5346 880 5441 Socratis,
907 5349 1055 5453 Scipio·

1107 5036 1186 5107 dire
1200 5035 1350 5107 studiosi
1370 5037 1514 5112 vellent.
1563 5036 1659 5110 Dixi.
