<?xml version="1.0" encoding="UTF-8"?>
<!DOCTYPE html PUBLIC "-//W3C//DTD XHTML 1.0 Transitional//EN"
    "http://www.w3.org/TR/xhtml1/DTD/xhtml1-transitional.dtd">
<html xmlns="http://www.w3.org/1999/xhtml" xml:lang="en" lang="en">
 <head>
  <title>
</title>
<meta http-equiv="Content-Type" content="text/html;charset=utf-8" />
  <meta name='ocr-system' content='tesseract 3.04.00' />
  <meta name='ocr-capabilities' content='ocr_page ocr_carea ocr_par ocr_line ocrx_word'/>
</head>
<body>
  <div class='ocr_page' id='page_1' title='image "./corpusreformato02melagoog/corpusreformato02melagoog_0130.png"; bbox 0 0 4546 5760; ppageno 0'>
   <div class='ocr_carea' id='block_1_1' title="bbox 97 186 1112 5131">
    <p class='ocr_par' dir='ltr' id='par_1_1' title="bbox 115 186 192 263">
     <span class='ocr_line' id='line_1_1' title="bbox 115 186 192 263; baseline 0 0"><span class='ocrx_word' id='word_1_1' title='bbox 115 186 192 263; x_wconf 68' lang='grc' dir='ltr'><strong><em>Μ</em></strong></span> 
     </span>
    </p>

    <p class='ocr_par' dir='ltr' id='par_1_2' title="bbox 97 356 1112 5131">
     <span class='ocr_line' id='line_1_2' title="bbox 119 356 1112 462; baseline -0.006 -25"><span class='ocrx_word' id='word_1_2' title='bbox 119 356 338 459; x_wconf 52' lang='lat' dir='ltr'><strong>casarum),</strong></span> <span class='ocrx_word' id='word_1_3' title='bbox 367 386 473 459; x_wconf 84' lang='lat' dir='ltr'><strong>quam</strong></span> <span class='ocrx_word' id='word_1_4' title='bbox 501 362 636 433; x_wconf 76' lang='lat' dir='ltr'><strong>febrem</strong></span> <span class='ocrx_word' id='word_1_5' title='bbox 659 378 694 435; x_wconf 90' lang='lat' dir='ltr'><strong>et</strong></span> <span class='ocrx_word' id='word_1_6' title='bbox 715 357 959 462; x_wconf 72' lang='lat' dir='ltr'><strong>dryonvpccdv</strong></span> <span class='ocrx_word' id='word_1_7' title='bbox 979 376 1112 433; x_wconf 87' lang='lat' dir='ltr'><strong>veteres</strong></span> 
     </span>
     <span class='ocr_line' id='line_1_3' title="bbox 119 464 1111 560; baseline 0 -25"><span class='ocrx_word' id='word_1_8' title='bbox 119 464 369 559; x_wconf 83' lang='lat' dir='ltr'><strong>appellarunt,</strong></span> <span class='ocrx_word' id='word_1_9' title='bbox 394 468 489 560; x_wconf 93' lang='lat' dir='ltr'><strong>quod</strong></span> <span class='ocrx_word' id='word_1_10' title='bbox 512 466 621 537; x_wconf 89' lang='lat' dir='ltr'><strong>simul</strong></span> <span class='ocrx_word' id='word_1_11' title='bbox 642 480 802 537; x_wconf 76' lang='lat' dir='ltr'><strong>aestuent</strong></span> <span class='ocrx_word' id='word_1_12' title='bbox 818 478 853 533; x_wconf 90' lang='lat' dir='ltr'><strong>et</strong></span> <span class='ocrx_word' id='word_1_13' title='bbox 866 465 1022 556; x_wconf 77' lang='lat' dir='ltr'><strong>algeant,</strong></span> <span class='ocrx_word' id='word_1_14' title='bbox 1048 466 1111 559; x_wconf 89' lang='lat' dir='ltr'><strong>qni</strong></span> 
     </span>
     <span class='ocr_line' id='line_1_4' title="bbox 119 562 1110 661; baseline -0.002 -22"><span class='ocrx_word' id='word_1_15' title='bbox 119 562 184 639; x_wconf 88' lang='lat' dir='ltr'><strong>hac</strong></span> <span class='ocrx_word' id='word_1_16' title='bbox 210 568 468 660; x_wconf 87' lang='lat' dir='ltr'><strong>corripiuntur.</strong></span> <span class='ocrx_word' id='word_1_17' title='bbox 518 566 682 638; x_wconf 86' lang='lat' dir='ltr'><strong>Medicus</strong></span> <span class='ocrx_word' id='word_1_18' title='bbox 703 592 788 637; x_wconf 89' lang='lat' dir='ltr'><strong>vero</strong></span> <span class='ocrx_word' id='word_1_19' title='bbox 812 590 1034 661; x_wconf 89' lang='lat' dir='ltr'><strong>nequaqnam</strong></span> <span class='ocrx_word' id='word_1_20' title='bbox 1062 568 1110 638; x_wconf 91' lang='lat' dir='ltr'><strong>ita</strong></span> 
     </span>
     <span class='ocr_line' id='line_1_5' title="bbox 119 668 1111 761; baseline -0.004 -20"><span class='ocrx_word' id='word_1_21' title='bbox 119 670 271 756; x_wconf 85' lang='lat' dir='ltr'><strong>sentire,</strong></span> <span class='ocrx_word' id='word_1_22' title='bbox 296 669 629 739; x_wconf 89' lang='lat' dir='ltr'><strong>sedmainsmalum</strong></span> <span class='ocrx_word' id='word_1_23' title='bbox 652 694 727 740; x_wconf 84' lang='lat' dir='ltr'><strong>esse</strong></span> <span class='ocrx_word' id='word_1_24' title='bbox 749 668 966 759; x_wconf 83' lang='lat' dir='ltr'><strong>intelligere,</strong></span> <span class='ocrx_word' id='word_1_25' title='bbox 988 683 1022 739; x_wconf 89' lang='lat' dir='ltr'><strong>et</strong></span> <span class='ocrx_word' id='word_1_26' title='bbox 1049 694 1111 761; x_wconf 88' lang='lat' dir='ltr'><strong>pe-</strong></span> 
     </span>
     <span class='ocr_line' id='line_1_6' title="bbox 120 770 1108 867; baseline -0.004 -24"><span class='ocrx_word' id='word_1_27' title='bbox 120 771 276 843; x_wconf 87' lang='lat' dir='ltr'><strong>riculum</strong></span> <span class='ocrx_word' id='word_1_28' title='bbox 299 790 454 843; x_wconf 88' lang='lat' dir='ltr'><strong>metuere</strong></span> <span class='ocrx_word' id='word_1_29' title='bbox 478 770 643 861; x_wconf 89' lang='lat' dir='ltr'><strong>gravius,</strong></span> <span class='ocrx_word' id='word_1_30' title='bbox 678 774 773 865; x_wconf 93' lang='lat' dir='ltr'><strong>qnod</strong></span> <span class='ocrx_word' id='word_1_31' title='bbox 801 770 897 839; x_wconf 89' lang='lat' dir='ltr'><strong>enim</strong></span> <span class='ocrx_word' id='word_1_32' title='bbox 922 795 1108 867; x_wconf 89' lang='lat' dir='ltr'><strong>nunquam</strong></span> 
     </span>
     <span class='ocr_line' id='line_1_7' title="bbox 120 873 1108 963; baseline -0.002 -18"><span class='ocrx_word' id='word_1_33' title='bbox 120 874 194 945; x_wconf 84' lang='lat' dir='ltr'><strong>sine</strong></span> <span class='ocrx_word' id='word_1_34' title='bbox 212 873 335 943; x_wconf 87' lang='lat' dir='ltr'><strong>calore</strong></span> <span class='ocrx_word' id='word_1_35' title='bbox 347 873 464 942; x_wconf 87' lang='lat' dir='ltr'><strong>alieno</strong></span> <span class='ocrx_word' id='word_1_36' title='bbox 478 894 606 963; x_wconf 89' lang='lat' dir='ltr'><strong>corpus</strong></span> <span class='ocrx_word' id='word_1_37' title='bbox 623 897 695 943; x_wconf 87' lang='lat' dir='ltr'><strong>esse</strong></span> <span class='ocrx_word' id='word_1_38' title='bbox 713 873 858 943; x_wconf 79' lang='lat' dir='ltr'><strong>sentiret</strong></span> <span class='ocrx_word' id='word_1_39' title='bbox 873 874 1010 942; x_wconf 83' lang='lat' dir='ltr'><strong>febrem</strong></span> <span class='ocrx_word' id='word_1_40' title='bbox 1020 897 1108 943; x_wconf 88' lang='lat' dir='ltr'><strong>con-</strong></span> 
     </span>
     <span class='ocr_line' id='line_1_8' title="bbox 115 968 1107 1069; baseline -0.006 -20"><span class='ocrx_word' id='word_1_41' title='bbox 115 976 254 1049; x_wconf 88' lang='lat' dir='ltr'><strong>tinnam</strong></span> <span class='ocrx_word' id='word_1_42' title='bbox 280 999 354 1046; x_wconf 90' lang='lat' dir='ltr'><strong>esse</strong></span> <span class='ocrx_word' id='word_1_43' title='bbox 375 968 628 1069; x_wconf 81' lang='lat' dir='ltr'><strong>deprehendit,</strong></span> <span class='ocrx_word' id='word_1_44' title='bbox 651 1001 720 1067; x_wconf 91' lang='lat' dir='ltr'><strong>qua</strong></span> <span class='ocrx_word' id='word_1_45' title='bbox 748 977 839 1043; x_wconf 91' lang='lat' dir='ltr'><strong>vires</strong></span> <span class='ocrx_word' id='word_1_46' title='bbox 855 998 1107 1045; x_wconf 89' lang='lat' dir='ltr'><strong>consumeren-</strong></span> 
     </span>
     <span class='ocr_line' id='line_1_9' title="bbox 117 1076 1107 1169; baseline -0.008 -16"><span class='ocrx_word' id='word_1_47' title='bbox 117 1094 191 1165; x_wconf 79' lang='lat' dir='ltr'><strong>tur,</strong></span> <span class='ocrx_word' id='word_1_48' title='bbox 226 1090 264 1147; x_wconf 89' lang='lat' dir='ltr'><strong>et</strong></span> <span class='ocrx_word' id='word_1_49' title='bbox 280 1078 456 1147; x_wconf 88' lang='lat' dir='ltr'><strong>intestino</strong></span> <span class='ocrx_word' id='word_1_50' title='bbox 476 1076 644 1147; x_wconf 89' lang='lat' dir='ltr'><strong>incendio</strong></span> <span class='ocrx_word' id='word_1_51' title='bbox 667 1078 958 1169; x_wconf 90' lang='lat' dir='ltr'><strong>colliqueseerent</strong></span> <span class='ocrx_word' id='word_1_52' title='bbox 987 1078 1107 1169; x_wconf 91' lang='lat' dir='ltr'><strong>qnasi-</strong></span> 
     </span>
     <span class='ocr_line' id='line_1_10' title="bbox 118 1179 1105 1277; baseline -0.007 -25"><span class='ocrx_word' id='word_1_53' title='bbox 118 1204 184 1277; x_wconf 87' lang='lat' dir='ltr'><strong>qne</strong></span> <span class='ocrx_word' id='word_1_54' title='bbox 217 1180 498 1269; x_wconf 86' lang='lat' dir='ltr'><strong>conflagrarent,</strong></span> <span class='ocrx_word' id='word_1_55' title='bbox 529 1181 572 1247; x_wconf 91' lang='lat' dir='ltr'><strong>ad</strong></span> <span class='ocrx_word' id='word_1_56' title='bbox 596 1204 703 1273; x_wconf 90' lang='lat' dir='ltr'><strong>qnam</strong></span> <span class='ocrx_word' id='word_1_57' title='bbox 724 1203 803 1249; x_wconf 88' lang='lat' dir='ltr'><strong>curn</strong></span> <span class='ocrx_word' id='word_1_58' title='bbox 828 1179 993 1269; x_wconf 80' lang='lat' dir='ltr'><strong>periodos</strong></span> <span class='ocrx_word' id='word_1_59' title='bbox 1025 1179 1105 1247; x_wconf 89' lang='lat' dir='ltr'><strong>illas</strong></span> 
     </span>
     <span class='ocr_line' id='line_1_11' title="bbox 118 1277 1105 1374; baseline -0.01 -17"><span class='ocrx_word' id='word_1_60' title='bbox 118 1282 291 1357; x_wconf 88' lang='lat' dir='ltr'><strong>tertianas</strong></span> <span class='ocrx_word' id='word_1_61' title='bbox 305 1283 470 1351; x_wconf 81' lang='lat' dir='ltr'><strong>accedere</strong></span> <span class='ocrx_word' id='word_1_62' title='bbox 485 1280 639 1365; x_wconf 88' lang='lat' dir='ltr'><strong>videret,</strong></span> <span class='ocrx_word' id='word_1_63' title='bbox 663 1277 899 1374; x_wconf 78' lang='grc' dir='ltr'><strong><em>ἡμιτριταῖον</em></strong></span> <span class='ocrx_word' id='word_1_64' title='bbox 921 1303 994 1349; x_wconf 88' lang='lat' dir='ltr'><strong>esse</strong></span> <span class='ocrx_word' id='word_1_65' title='bbox 1009 1280 1105 1348; x_wconf 90' lang='lat' dir='ltr'><strong>iudi-</strong></span> 
     </span>
     <span class='ocr_line' id='line_1_12' title="bbox 119 1382 1105 1477; baseline -0.008 -20"><span class='ocrx_word' id='word_1_66' title='bbox 119 1385 232 1466; x_wconf 82' lang='lat' dir='ltr'><strong>cavit,</strong></span> <span class='ocrx_word' id='word_1_67' title='bbox 265 1383 391 1477; x_wconf 89' lang='lat' dir='ltr'><strong>quiex</strong></span> <span class='ocrx_word' id='word_1_68' title='bbox 415 1382 563 1451; x_wconf 89' lang='lat' dir='ltr'><strong>tertiana</strong></span> <span class='ocrx_word' id='word_1_69' title='bbox 586 1396 618 1452; x_wconf 89' lang='lat' dir='ltr'><strong>et</strong></span> <span class='ocrx_word' id='word_1_70' title='bbox 638 1383 805 1451; x_wconf 87' lang='lat' dir='ltr'><strong>continua</strong></span> <span class='ocrx_word' id='word_1_71' title='bbox 822 1384 878 1465; x_wconf 89' lang='lat' dir='ltr'><strong>lit,</strong></span> <span class='ocrx_word' id='word_1_72' title='bbox 904 1394 938 1451; x_wconf 92' lang='lat' dir='ltr'><strong>et</strong></span> <span class='ocrx_word' id='word_1_73' title='bbox 955 1382 1105 1450; x_wconf 83' lang='lat' dir='ltr'><strong>manile-</strong></span> 
     </span>
     <span class='ocr_line' id='line_1_13' title="bbox 117 1482 1103 1575; baseline -0.008 -16"><span class='ocrx_word' id='word_1_74' title='bbox 117 1488 177 1559; x_wconf 85' lang='lat' dir='ltr'><strong>stis</strong></span> <span class='ocrx_word' id='word_1_75' title='bbox 194 1488 243 1555; x_wconf 90' lang='lat' dir='ltr'><strong>de</strong></span> <span class='ocrx_word' id='word_1_76' title='bbox 259 1485 373 1555; x_wconf 90' lang='lat' dir='ltr'><strong>causis</strong></span> <span class='ocrx_word' id='word_1_77' title='bbox 388 1484 496 1552; x_wconf 84' lang='lat' dir='ltr'><strong>lerrne</strong></span> <span class='ocrx_word' id='word_1_78' title='bbox 513 1507 650 1575; x_wconf 86' lang='lat' dir='ltr'><strong>semper</strong></span> <span class='ocrx_word' id='word_1_79' title='bbox 662 1498 711 1553; x_wconf 86' lang='lat' dir='ltr'><strong>est</strong></span> <span class='ocrx_word' id='word_1_80' title='bbox 730 1482 954 1567; x_wconf 86' lang='lat' dir='ltr'><strong>incurabilis,</strong></span> <span class='ocrx_word' id='word_1_81' title='bbox 994 1482 1103 1571; x_wconf 85' lang='lat' dir='ltr'><strong>Quod</strong></span> 
     </span>
     <span class='ocr_line' id='line_1_14' title="bbox 115 1585 1103 1677; baseline -0.009 -17"><span class='ocrx_word' id='word_1_82' title='bbox 115 1600 234 1659; x_wconf 83' lang='lat' dir='ltr'><strong>antem</strong></span> <span class='ocrx_word' id='word_1_83' title='bbox 257 1586 296 1655; x_wconf 90' lang='lat' dir='ltr'><strong>in</strong></span> <span class='ocrx_word' id='word_1_84' title='bbox 319 1585 435 1655; x_wconf 88' lang='lat' dir='ltr'><strong>urinis</strong></span> <span class='ocrx_word' id='word_1_85' title='bbox 454 1585 590 1653; x_wconf 91' lang='lat' dir='ltr'><strong>lentum</strong></span> <span class='ocrx_word' id='word_1_86' title='bbox 616 1600 651 1654; x_wconf 90' lang='lat' dir='ltr'><strong>et</strong></span> <span class='ocrx_word' id='word_1_87' title='bbox 673 1585 833 1673; x_wconf 86' lang='lat' dir='ltr'><strong>nigrum,</strong></span> <span class='ocrx_word' id='word_1_88' title='bbox 867 1598 902 1654; x_wconf 91' lang='lat' dir='ltr'><strong>et</strong></span> <span class='ocrx_word' id='word_1_89' title='bbox 923 1585 1024 1677; x_wconf 89' lang='lat' dir='ltr'><strong>quasi</strong></span> <span class='ocrx_word' id='word_1_90' title='bbox 1048 1586 1103 1675; x_wconf 92' lang='lat' dir='ltr'><strong>pi-</strong></span> 
     </span>
     <span class='ocr_line' id='line_1_15' title="bbox 115 1685 1103 1781; baseline -0.006 -20"><span class='ocrx_word' id='word_1_91' title='bbox 115 1714 216 1761; x_wconf 91' lang='lat' dir='ltr'><strong>ceum</strong></span> <span class='ocrx_word' id='word_1_92' title='bbox 232 1688 405 1781; x_wconf 77' lang='lat' dir='ltr'><strong>quiddam</strong></span> <span class='ocrx_word' id='word_1_93' title='bbox 423 1686 605 1755; x_wconf 81' lang='lat' dir='ltr'><strong>subsidere</strong></span> <span class='ocrx_word' id='word_1_94' title='bbox 627 1686 782 1770; x_wconf 84' lang='lat' dir='ltr'><strong>solebat,</strong></span> <span class='ocrx_word' id='word_1_95' title='bbox 837 1685 874 1755; x_wconf 94' lang='lat' dir='ltr'><strong>ld</strong></span> <span class='ocrx_word' id='word_1_96' title='bbox 890 1711 909 1754; x_wconf 91' lang='lat' dir='ltr'><strong>a</strong></span> <span class='ocrx_word' id='word_1_97' title='bbox 927 1688 1103 1779; x_wconf 87' lang='lat' dir='ltr'><strong>plerisque</strong></span> 
     </span>
     <span class='ocr_line' id='line_1_16' title="bbox 114 1784 1102 1885; baseline -0.002 -26"><span class='ocrx_word' id='word_1_98' title='bbox 114 1816 178 1885; x_wconf 86' lang='lat' dir='ltr'><strong>pro</strong></span> <span class='ocrx_word' id='word_1_99' title='bbox 201 1788 331 1860; x_wconf 90' lang='lat' dir='ltr'><strong>calculi</strong></span> <span class='ocrx_word' id='word_1_100' title='bbox 351 1789 498 1859; x_wconf 89' lang='lat' dir='ltr'><strong>materia</strong></span> <span class='ocrx_word' id='word_1_101' title='bbox 520 1784 733 1871; x_wconf 85' lang='lat' dir='ltr'><strong>habebatur,</strong></span> <span class='ocrx_word' id='word_1_102' title='bbox 758 1812 838 1856; x_wconf 89' lang='lat' dir='ltr'><strong>cum</strong></span> <span class='ocrx_word' id='word_1_103' title='bbox 863 1801 897 1858; x_wconf 89' lang='lat' dir='ltr'><strong>et</strong></span> <span class='ocrx_word' id='word_1_104' title='bbox 923 1787 1000 1856; x_wconf 90' lang='lat' dir='ltr'><strong>sine</strong></span> <span class='ocrx_word' id='word_1_105' title='bbox 1025 1812 1102 1857; x_wconf 90' lang='lat' dir='ltr'><strong>are-</strong></span> 
     </span>
     <span class='ocr_line' id='line_1_17' title="bbox 114 1891 1100 1985; baseline -0.006 -22"><span class='ocrx_word' id='word_1_106' title='bbox 114 1894 211 1963; x_wconf 86' lang='lat' dir='ltr'><strong>nnlis</strong></span> <span class='ocrx_word' id='word_1_107' title='bbox 228 1914 413 1985; x_wconf 90' lang='lat' dir='ltr'><strong>nunquam</strong></span> <span class='ocrx_word' id='word_1_108' title='bbox 431 1905 563 1973; x_wconf 87' lang='lat' dir='ltr'><strong>essent,</strong></span> <span class='ocrx_word' id='word_1_109' title='bbox 588 1902 623 1961; x_wconf 90' lang='lat' dir='ltr'><strong>et</strong></span> <span class='ocrx_word' id='word_1_110' title='bbox 644 1891 805 1961; x_wconf 88' lang='lat' dir='ltr'><strong>turbidae</strong></span> <span class='ocrx_word' id='word_1_111' title='bbox 822 1913 979 1980; x_wconf 88' lang='lat' dir='ltr'><strong>semper,</strong></span> <span class='ocrx_word' id='word_1_112' title='bbox 1005 1891 1100 1982; x_wconf 90' lang='lat' dir='ltr'><strong>quod</strong></span> 
     </span>
     <span class='ocr_line' id='line_1_18' title="bbox 112 1991 1102 2067; baseline -0.004 -2"><span class='ocrx_word' id='word_1_113' title='bbox 112 1994 224 2067; x_wconf 76' lang='lat' dir='ltr'><strong>febris</strong></span> <span class='ocrx_word' id='word_1_114' title='bbox 247 1992 423 2063; x_wconf 88' lang='lat' dir='ltr'><strong>calculum</strong></span> <span class='ocrx_word' id='word_1_115' title='bbox 447 1992 553 2061; x_wconf 90' lang='lat' dir='ltr'><strong>simul</strong></span> <span class='ocrx_word' id='word_1_116' title='bbox 579 2005 827 2063; x_wconf 85' lang='lat' dir='ltr'><strong>commoveret.</strong></span> <span class='ocrx_word' id='word_1_117' title='bbox 885 1991 1011 2061; x_wconf 84' lang='lat' dir='ltr'><strong>Talem</strong></span> <span class='ocrx_word' id='word_1_118' title='bbox 1037 2016 1102 2061; x_wconf 91' lang='lat' dir='ltr'><strong>au-</strong></span> 
     </span>
     <span class='ocr_line' id='line_1_19' title="bbox 114 2086 1102 2185; baseline -0.008 -16"><span class='ocrx_word' id='word_1_119' title='bbox 114 2086 182 2169; x_wconf 79' lang='lat' dir='ltr'><strong>tem</strong></span> <span class='ocrx_word' id='word_1_120' title='bbox 192 2096 338 2166; x_wconf 88' lang='lat' dir='ltr'><strong>urinam</strong></span> <span class='ocrx_word' id='word_1_121' title='bbox 357 2094 394 2162; x_wconf 92' lang='lat' dir='ltr'><strong>in</strong></span> <span class='ocrx_word' id='word_1_122' title='bbox 411 2093 538 2163; x_wconf 90' lang='lat' dir='ltr'><strong>calculi</strong></span> <span class='ocrx_word' id='word_1_123' title='bbox 554 2094 854 2163; x_wconf 79' lang='lat' dir='ltr'><strong>commotionibus</strong></span> <span class='ocrx_word' id='word_1_124' title='bbox 865 2117 967 2185; x_wconf 85' lang='lat' dir='ltr'><strong>saepe</strong></span> <span class='ocrx_word' id='word_1_125' title='bbox 982 2117 1102 2162; x_wconf 88' lang='lat' dir='ltr'><strong>excre-</strong></span> 
     </span>
     <span class='ocr_line' id='line_1_20' title="bbox 114 2195 1100 2288; baseline -0.006 -21"><span class='ocrx_word' id='word_1_126' title='bbox 114 2212 214 2269; x_wconf 87' lang='lat' dir='ltr'><strong>verat</strong></span> <span class='ocrx_word' id='word_1_127' title='bbox 234 2209 358 2274; x_wconf 87' lang='lat' dir='ltr'><strong>antea,</strong></span> <span class='ocrx_word' id='word_1_128' title='bbox 388 2209 424 2265; x_wconf 86' lang='lat' dir='ltr'><strong>et</strong></span> <span class='ocrx_word' id='word_1_129' title='bbox 441 2196 470 2264; x_wconf 87' lang='lat' dir='ltr'><strong>si</strong></span> <span class='ocrx_word' id='word_1_130' title='bbox 488 2197 573 2288; x_wconf 93' lang='lat' dir='ltr'><strong>quid</strong></span> <span class='ocrx_word' id='word_1_131' title='bbox 596 2197 734 2264; x_wconf 90' lang='lat' dir='ltr'><strong>adversi</strong></span> <span class='ocrx_word' id='word_1_132' title='bbox 748 2208 904 2264; x_wconf 87' lang='lat' dir='ltr'><strong>senserat</strong></span> <span class='ocrx_word' id='word_1_133' title='bbox 919 2208 1043 2277; x_wconf 92' lang='lat' dir='ltr'><strong>antea,</strong></span> <span class='ocrx_word' id='word_1_134' title='bbox 1070 2195 1100 2262; x_wconf 88' lang='lat' dir='ltr'><strong>si</strong></span> 
     </span>
     <span class='ocr_line' id='line_1_21' title="bbox 112 2291 1099 2381; baseline -0.009 -9"><span class='ocrx_word' id='word_1_135' title='bbox 112 2300 219 2373; x_wconf 87' lang='lat' dir='ltr'><strong>talem</strong></span> <span class='ocrx_word' id='word_1_136' title='bbox 232 2298 402 2368; x_wconf 88' lang='lat' dir='ltr'><strong>edidisset</strong></span> <span class='ocrx_word' id='word_1_137' title='bbox 414 2296 578 2381; x_wconf 90' lang='lat' dir='ltr'><strong>urinam,</strong></span> <span class='ocrx_word' id='word_1_138' title='bbox 604 2291 696 2364; x_wconf 90' lang='lat' dir='ltr'><strong>nihil</strong></span> <span class='ocrx_word' id='word_1_139' title='bbox 714 2297 810 2363; x_wconf 89' lang='lat' dir='ltr'><strong>alind</strong></span> <span class='ocrx_word' id='word_1_140' title='bbox 834 2295 902 2363; x_wconf 91' lang='lat' dir='ltr'><strong>nisi</strong></span> <span class='ocrx_word' id='word_1_141' title='bbox 924 2295 1099 2365; x_wconf 88' lang='lat' dir='ltr'><strong>calculum</strong></span> 
     </span>
     <span class='ocr_line' id='line_1_22' title="bbox 114 2397 1101 2487; baseline -0.007 -14"><span class='ocrx_word' id='word_1_142' title='bbox 114 2426 185 2473; x_wconf 88' lang='lat' dir='ltr'><strong>esse</strong></span> <span class='ocrx_word' id='word_1_143' title='bbox 200 2414 298 2471; x_wconf 89' lang='lat' dir='ltr'><strong>certo</strong></span> <span class='ocrx_word' id='word_1_144' title='bbox 312 2400 487 2469; x_wconf 88' lang='lat' dir='ltr'><strong>statuebat</strong></span> <span class='ocrx_word' id='word_1_145' title='bbox 509 2399 635 2487; x_wconf 83' lang='lat' dir='ltr'><strong>longae</strong></span> <span class='ocrx_word' id='word_1_146' title='bbox 655 2397 888 2487; x_wconf 83' lang='lat' dir='ltr'><strong>experientiae</strong></span> <span class='ocrx_word' id='word_1_147' title='bbox 911 2419 1101 2485; x_wconf 87' lang='lat' dir='ltr'><strong>argumen-</strong></span> 
     </span>
     <span class='ocr_line' id='line_1_23' title="bbox 111 2496 1101 2592; baseline -0.007 -18"><span class='ocrx_word' id='word_1_148' title='bbox 111 2504 155 2575; x_wconf 87' lang='lat' dir='ltr'><strong>tis</strong></span> <span class='ocrx_word' id='word_1_149' title='bbox 170 2504 333 2573; x_wconf 84' lang='lat' dir='ltr'><strong>edoctns.</strong></span> <span class='ocrx_word' id='word_1_150' title='bbox 382 2496 462 2568; x_wconf 86' lang='lat' dir='ltr'><strong>lloc</strong></span> <span class='ocrx_word' id='word_1_151' title='bbox 486 2499 593 2589; x_wconf 91' lang='lat' dir='ltr'><strong>igitur</strong></span> <span class='ocrx_word' id='word_1_152' title='bbox 618 2502 713 2592; x_wconf 91' lang='lat' dir='ltr'><strong>quod</strong></span> <span class='ocrx_word' id='word_1_153' title='bbox 739 2513 813 2569; x_wconf 91' lang='lat' dir='ltr'><strong>tum</strong></span> <span class='ocrx_word' id='word_1_154' title='bbox 837 2498 1008 2568; x_wconf 89' lang='lat' dir='ltr'><strong>edebatur</strong></span> <span class='ocrx_word' id='word_1_155' title='bbox 1019 2496 1101 2568; x_wconf 89' lang='lat' dir='ltr'><strong>Me-</strong></span> 
     </span>
     <span class='ocr_line' id='line_1_24' title="bbox 113 2596 1100 2693; baseline -0.005 -16"><span class='ocrx_word' id='word_1_156' title='bbox 113 2606 215 2677; x_wconf 89' lang='lat' dir='ltr'><strong>dicus</strong></span> <span class='ocrx_word' id='word_1_157' title='bbox 231 2616 353 2673; x_wconf 89' lang='lat' dir='ltr'><strong>noster</strong></span> <span class='ocrx_word' id='word_1_158' title='bbox 367 2616 401 2671; x_wconf 89' lang='lat' dir='ltr'><strong>et</strong></span> <span class='ocrx_word' id='word_1_159' title='bbox 415 2598 522 2692; x_wconf 64' lang='lat' dir='ltr'><strong>dictor</strong></span> <span class='ocrx_word' id='word_1_160' title='bbox 535 2596 661 2693; x_wconf 82' lang='grc' dir='ltr'><em>χυμὸν</em></span> <span class='ocrx_word' id='word_1_161' title='bbox 678 2600 832 2669; x_wconf 88' lang='lat' dir='ltr'><strong>iudicare</strong></span> <span class='ocrx_word' id='word_1_162' title='bbox 848 2614 882 2669; x_wconf 95' lang='lat' dir='ltr'><strong>et</strong></span> <span class='ocrx_word' id='word_1_163' title='bbox 903 2622 949 2667; x_wconf 88' lang='lat' dir='ltr'><strong>ne</strong></span> <span class='ocrx_word' id='word_1_164' title='bbox 965 2624 1100 2693; x_wconf 81' lang='grc' dir='ltr'><em>συντη-</em></span> 
     </span>
     <span class='ocr_line' id='line_1_25' title="bbox 113 2700 1098 2797; baseline -0.011 -18"><span class='ocrx_word' id='word_1_165' title='bbox 113 2700 244 2779; x_wconf 74' lang='grc' dir='ltr'><strong><em>κτικὸν</em></strong></span> <span class='ocrx_word' id='word_1_166' title='bbox 255 2704 389 2797; x_wconf 89' lang='lat' dir='ltr'><strong>aliquid</strong></span> <span class='ocrx_word' id='word_1_167' title='bbox 403 2717 490 2773; x_wconf 90' lang='lat' dir='ltr'><strong>esset</strong></span> <span class='ocrx_word' id='word_1_168' title='bbox 508 2716 662 2771; x_wconf 87' lang='lat' dir='ltr'><strong>metuere</strong></span> <span class='ocrx_word' id='word_1_169' title='bbox 681 2727 717 2770; x_wconf 88' lang='lat' dir='ltr'><strong>se</strong></span> <span class='ocrx_word' id='word_1_170' title='bbox 732 2703 969 2790; x_wconf 86' lang='lat' dir='ltr'><strong>significabat,</strong></span> <span class='ocrx_word' id='word_1_171' title='bbox 986 2704 1098 2771; x_wconf 90' lang='lat' dir='ltr'><strong>inter-</strong></span> 
     </span>
     <span class='ocr_line' id='line_1_26' title="bbox 113 2804 1098 2900; baseline -0.011 -21"><span class='ocrx_word' id='word_1_172' title='bbox 113 2806 342 2900; x_wconf 80' lang='lat' dir='ltr'><strong>rogantibus,</strong></span> <span class='ocrx_word' id='word_1_173' title='bbox 377 2805 479 2874; x_wconf 84' lang='lat' dir='ltr'><strong>cuius</strong></span> <span class='ocrx_word' id='word_1_174' title='bbox 502 2805 721 2873; x_wconf 87' lang='lat' dir='ltr'><strong>coniecturas</strong></span> <span class='ocrx_word' id='word_1_175' title='bbox 743 2818 854 2873; x_wconf 85' lang='lat' dir='ltr'><strong>rectas</strong></span> <span class='ocrx_word' id='word_1_176' title='bbox 874 2818 909 2873; x_wconf 92' lang='lat' dir='ltr'><strong>et</strong></span> <span class='ocrx_word' id='word_1_177' title='bbox 925 2804 1098 2874; x_wconf 89' lang='lat' dir='ltr'><strong>iudicium</strong></span> 
     </span>
     <span class='ocr_line' id='line_1_27' title="bbox 114 2904 1097 2998; baseline -0.008 -19"><span class='ocrx_word' id='word_1_178' title='bbox 114 2934 237 2981; x_wconf 86' lang='lat' dir='ltr'><strong>verum</strong></span> <span class='ocrx_word' id='word_1_179' title='bbox 260 2908 367 2975; x_wconf 86' lang='lat' dir='ltr'><strong>luisse</strong></span> <span class='ocrx_word' id='word_1_180' title='bbox 389 2907 503 2974; x_wconf 89' lang='lat' dir='ltr'><strong>exitus</strong></span> <span class='ocrx_word' id='word_1_181' title='bbox 531 2906 793 2995; x_wconf 88' lang='lat' dir='ltr'><strong>comprobavit,</strong></span> <span class='ocrx_word' id='word_1_182' title='bbox 824 2919 859 2974; x_wconf 88' lang='lat' dir='ltr'><strong>et</strong></span> <span class='ocrx_word' id='word_1_183' title='bbox 883 2905 990 2973; x_wconf 87' lang='lat' dir='ltr'><strong>nimis</strong></span> <span class='ocrx_word' id='word_1_184' title='bbox 1016 2904 1097 2998; x_wconf 93' lang='lat' dir='ltr'><strong>qui-</strong></span> 
     </span>
     <span class='ocr_line' id='line_1_28' title="bbox 111 3002 1096 3099; baseline -0.002 -19"><span class='ocrx_word' id='word_1_185' title='bbox 111 3014 213 3095; x_wconf 89' lang='lat' dir='ltr'><strong>dem,</strong></span> <span class='ocrx_word' id='word_1_186' title='bbox 238 3034 322 3079; x_wconf 90' lang='lat' dir='ltr'><strong>nam</strong></span> <span class='ocrx_word' id='word_1_187' title='bbox 339 3002 616 3077; x_wconf 83' lang='lat' dir='ltr'><strong>lraernitritaearn</strong></span> <span class='ocrx_word' id='word_1_188' title='bbox 633 3008 766 3076; x_wconf 84' lang='lat' dir='ltr'><strong>febrem</strong></span> <span class='ocrx_word' id='word_1_189' title='bbox 785 3008 912 3092; x_wconf 83' lang='lat' dir='ltr'><strong>luisse,</strong></span> <span class='ocrx_word' id='word_1_190' title='bbox 938 3032 1028 3099; x_wconf 80' lang='lat' dir='ltr'><strong>qrrae</strong></span> <span class='ocrx_word' id='word_1_191' title='bbox 1054 3005 1096 3078; x_wconf 91' lang='lat' dir='ltr'><strong>D.</strong></span> 
     </span>
     <span class='ocr_line' id='line_1_29' title="bbox 109 3108 1096 3204; baseline -0.009 -20"><span class='ocrx_word' id='word_1_192' title='bbox 109 3110 319 3204; x_wconf 84' lang='lat' dir='ltr'><strong>Philippum</strong></span> <span class='ocrx_word' id='word_1_193' title='bbox 342 3110 549 3193; x_wconf 85' lang='lat' dir='ltr'><strong>confecerit,</strong></span> <span class='ocrx_word' id='word_1_194' title='bbox 581 3122 614 3178; x_wconf 90' lang='lat' dir='ltr'><strong>et</strong></span> <span class='ocrx_word' id='word_1_195' title='bbox 640 3110 731 3177; x_wconf 88' lang='lat' dir='ltr'><strong>vires</strong></span> <span class='ocrx_word' id='word_1_196' title='bbox 755 3110 794 3177; x_wconf 93' lang='lat' dir='ltr'><strong>in</strong></span> <span class='ocrx_word' id='word_1_197' title='bbox 820 3132 967 3200; x_wconf 88' lang='lat' dir='ltr'><strong>corpore</strong></span> <span class='ocrx_word' id='word_1_198' title='bbox 993 3108 1096 3176; x_wconf 88' lang='lat' dir='ltr'><strong>senili</strong></span> 
     </span>
     <span class='ocr_line' id='line_1_30' title="bbox 110 3208 1096 3307; baseline -0.007 -23"><span class='ocrx_word' id='word_1_199' title='bbox 110 3216 267 3307; x_wconf 90' lang='lat' dir='ltr'><strong>reliquas</strong></span> <span class='ocrx_word' id='word_1_200' title='bbox 289 3214 519 3291; x_wconf 91' lang='lat' dir='ltr'><strong>absumserit,</strong></span> <span class='ocrx_word' id='word_1_201' title='bbox 546 3213 701 3279; x_wconf 74' lang='lat' dir='ltr'><strong>‹liabitari</strong></span> <span class='ocrx_word' id='word_1_202' title='bbox 726 3236 797 3277; x_wconf 91' lang='lat' dir='ltr'><strong>non</strong></span> <span class='ocrx_word' id='word_1_203' title='bbox 818 3224 942 3293; x_wconf 87' lang='lat' dir='ltr'><strong>potest.</strong></span> <span class='ocrx_word' id='word_1_204' title='bbox 996 3208 1096 3297; x_wconf 77' lang='lat' dir='ltr'><strong>Quare</strong></span> 
     </span>
     <span class='ocr_line' id='line_1_31' title="bbox 109 3304 1097 3405; baseline -0.007 -19"><span class='ocrx_word' id='word_1_205' title='bbox 109 3304 300 3385; x_wconf 45' lang='lat' dir='ltr'><strong>de&#39;morbo</strong></span> <span class='ocrx_word' id='word_1_206' title='bbox 316 3315 428 3405; x_wconf 87' lang='lat' dir='ltr'><strong>ipsius</strong></span> <span class='ocrx_word' id='word_1_207' title='bbox 440 3308 509 3382; x_wconf 91' lang='lat' dir='ltr'><strong>hoc</strong></span> <span class='ocrx_word' id='word_1_208' title='bbox 525 3315 633 3380; x_wconf 87' lang='lat' dir='ltr'><strong>modo</strong></span> <span class='ocrx_word' id='word_1_209' title='bbox 650 3314 806 3382; x_wconf 85' lang='lat' dir='ltr'><strong>breviter</strong></span> <span class='ocrx_word' id='word_1_210' title='bbox 822 3312 1013 3380; x_wconf 87' lang='lat' dir='ltr'><strong>indicanda</strong></span> <span class='ocrx_word' id='word_1_211' title='bbox 1030 3336 1097 3401; x_wconf 94' lang='lat' dir='ltr'><strong>pu-</strong></span> 
     </span>
     <span class='ocr_line' id='line_1_32' title="bbox 110 3412 1096 3506; baseline -0.011 -15"><span class='ocrx_word' id='word_1_212' title='bbox 110 3420 285 3501; x_wconf 73' lang='lat' dir='ltr'><strong>tavimus,</strong></span> <span class='ocrx_word' id='word_1_213' title='bbox 336 3419 406 3486; x_wconf 80' lang='lat' dir='ltr'><strong>Sed</strong></span> <span class='ocrx_word' id='word_1_214' title='bbox 433 3429 579 3506; x_wconf 89' lang='lat' dir='ltr'><strong>propter</strong></span> <span class='ocrx_word' id='word_1_215' title='bbox 604 3436 850 3505; x_wconf 88' lang='lat' dir='ltr'><strong>paroxysruum</strong></span> <span class='ocrx_word' id='word_1_216' title='bbox 876 3412 936 3480; x_wconf 91' lang='lat' dir='ltr'><strong>illa</strong></span> <span class='ocrx_word' id='word_1_217' title='bbox 958 3414 1096 3499; x_wconf 87' lang='lat' dir='ltr'><strong>vesperi</strong></span> 
     </span>
     <span class='ocr_line' id='line_1_33' title="bbox 109 3514 1096 3609; baseline -0.009 -18"><span class='ocrx_word' id='word_1_218' title='bbox 109 3520 211 3591; x_wconf 85' lang='lat' dir='ltr'><strong>cibus</strong></span> <span class='ocrx_word' id='word_1_219' title='bbox 227 3532 289 3588; x_wconf 90' lang='lat' dir='ltr'><strong>aut</strong></span> <span class='ocrx_word' id='word_1_220' title='bbox 306 3530 409 3609; x_wconf 88' lang='lat' dir='ltr'><strong>potus</strong></span> <span class='ocrx_word' id='word_1_221' title='bbox 426 3519 457 3585; x_wconf 91' lang='lat' dir='ltr'><strong>ei</strong></span> <span class='ocrx_word' id='word_1_222' title='bbox 484 3520 567 3583; x_wconf 90' lang='lat' dir='ltr'><strong>dare</strong></span> <span class='ocrx_word' id='word_1_223' title='bbox 588 3539 702 3609; x_wconf 89' lang='lat' dir='ltr'><strong>neque</strong></span> <span class='ocrx_word' id='word_1_224' title='bbox 722 3514 852 3605; x_wconf 91' lang='lat' dir='ltr'><strong>potnit,</strong></span> <span class='ocrx_word' id='word_1_225' title='bbox 880 3538 994 3607; x_wconf 88' lang='lat' dir='ltr'><strong>neque</strong></span> <span class='ocrx_word' id='word_1_226' title='bbox 1021 3514 1096 3602; x_wconf 86' lang='lat' dir='ltr'><strong>ipse</strong></span> 
     </span>
     <span class='ocr_line' id='line_1_34' title="bbox 109 3618 1094 3713; baseline -0.011 -20"><span class='ocrx_word' id='word_1_227' title='bbox 109 3620 288 3713; x_wconf 79' lang='lat' dir='ltr'><strong>expetivit.</strong></span> <span class='ocrx_word' id='word_1_228' title='bbox 340 3618 486 3687; x_wconf 88' lang='lat' dir='ltr'><strong>Noctem</strong></span> <span class='ocrx_word' id='word_1_229' title='bbox 501 3633 617 3689; x_wconf 89' lang='lat' dir='ltr'><strong>autern</strong></span> <span class='ocrx_word' id='word_1_230' title='bbox 634 3629 836 3709; x_wconf 84' lang='lat' dir='ltr'><strong>sequentem</strong></span> <span class='ocrx_word' id='word_1_231' title='bbox 854 3629 973 3699; x_wconf 88' lang='lat' dir='ltr'><strong>totam,</strong></span> <span class='ocrx_word' id='word_1_232' title='bbox 999 3630 1039 3685; x_wconf 90' lang='lat' dir='ltr'><strong>ut</strong></span> <span class='ocrx_word' id='word_1_233' title='bbox 1056 3618 1094 3683; x_wconf 91' lang='lat' dir='ltr'><strong>in</strong></span> 
     </span>
     <span class='ocr_line' id='line_1_35' title="bbox 106 3714 1093 3817; baseline -0.009 -24"><span class='ocrx_word' id='word_1_234' title='bbox 106 3745 338 3817; x_wconf 80' lang='lat' dir='ltr'><strong>paroxysano,</strong></span> <span class='ocrx_word' id='word_1_235' title='bbox 354 3743 569 3813; x_wconf 84' lang='lat' dir='ltr'><strong>pergravem</strong></span> <span class='ocrx_word' id='word_1_236' title='bbox 584 3714 725 3800; x_wconf 91' lang='lat' dir='ltr'><strong>habuit,</strong></span> <span class='ocrx_word' id='word_1_237' title='bbox 749 3731 784 3787; x_wconf 90' lang='lat' dir='ltr'><strong>et</strong></span> <span class='ocrx_word' id='word_1_238' title='bbox 799 3718 1012 3811; x_wconf 88' lang='lat' dir='ltr'><strong>inquietam,</strong></span> <span class='ocrx_word' id='word_1_239' title='bbox 1027 3721 1093 3787; x_wconf 91' lang='lat' dir='ltr'><strong>sub</strong></span> 
     </span>
     <span class='ocr_line' id='line_1_36' title="bbox 105 3819 1094 3913; baseline -0.007 -18"><span class='ocrx_word' id='word_1_240' title='bbox 105 3824 308 3897; x_wconf 87' lang='lat' dir='ltr'><strong>diluculum</strong></span> <span class='ocrx_word' id='word_1_241' title='bbox 326 3836 443 3892; x_wconf 88' lang='lat' dir='ltr'><strong>tamen</strong></span> <span class='ocrx_word' id='word_1_242' title='bbox 460 3820 700 3913; x_wconf 85' lang='lat' dir='ltr'><strong>acquiescens,</strong></span> <span class='ocrx_word' id='word_1_243' title='bbox 727 3820 886 3888; x_wconf 90' lang='lat' dir='ltr'><strong>dormire</strong></span> <span class='ocrx_word' id='word_1_244' title='bbox 903 3819 1034 3910; x_wconf 89' lang='lat' dir='ltr'><strong>caepit,</strong></span> <span class='ocrx_word' id='word_1_245' title='bbox 1061 3836 1094 3889; x_wconf 91' lang='lat' dir='ltr'><strong>et</strong></span> 
     </span>
     <span class='ocr_line' id='line_1_37' title="bbox 105 3917 1092 4015; baseline -0.008 -18"><span class='ocrx_word' id='word_1_246' title='bbox 105 3947 256 3997; x_wconf 87' lang='lat' dir='ltr'><strong>somnus</strong></span> <span class='ocrx_word' id='word_1_247' title='bbox 271 3927 463 4015; x_wconf 91' lang='lat' dir='ltr'><strong>productus</strong></span> <span class='ocrx_word' id='word_1_248' title='bbox 479 3926 666 4014; x_wconf 84' lang='lat' dir='ltr'><strong>fultusque</strong></span> <span class='ocrx_word' id='word_1_249' title='bbox 680 3924 724 3989; x_wconf 91' lang='lat' dir='ltr'><strong>ad</strong></span> <span class='ocrx_word' id='word_1_250' title='bbox 741 3917 866 3990; x_wconf 90' lang='lat' dir='ltr'><strong>horam</strong></span> <span class='ocrx_word' id='word_1_251' title='bbox 881 3923 1092 3992; x_wconf 87' lang='lat' dir='ltr'><strong>matutinam</strong></span> 
     </span>
     <span class='ocr_line' id='line_1_38' title="bbox 104 4022 1092 4121; baseline -0.008 -22"><span class='ocrx_word' id='word_1_252' title='bbox 104 4030 217 4099; x_wconf 81' lang='lat' dir='ltr'><strong>terme</strong></span> <span class='ocrx_word' id='word_1_253' title='bbox 246 4028 431 4121; x_wconf 87' lang='lat' dir='ltr'><strong>quintam,</strong></span> <span class='ocrx_word' id='word_1_254' title='bbox 482 4022 565 4113; x_wconf 87' lang='lat' dir='ltr'><strong>Quo</strong></span> <span class='ocrx_word' id='word_1_255' title='bbox 587 4040 744 4116; x_wconf 89' lang='lat' dir='ltr'><strong>tempore</strong></span> <span class='ocrx_word' id='word_1_256' title='bbox 767 4024 838 4092; x_wconf 90' lang='lat' dir='ltr'><strong>diei</strong></span> <span class='ocrx_word' id='word_1_257' title='bbox 862 4024 979 4106; x_wconf 90' lang='lat' dir='ltr'><strong>illins,</strong></span> <span class='ocrx_word' id='word_1_258' title='bbox 1003 4048 1092 4116; x_wconf 91' lang='lat' dir='ltr'><strong>quae</strong></span> 
     </span>
     <span class='ocr_line' id='line_1_39' title="bbox 103 4120 1091 4222; baseline -0.006 -23"><span class='ocrx_word' id='word_1_259' title='bbox 103 4130 172 4201; x_wconf 84' lang='lat' dir='ltr'><strong>init</strong></span> <span class='ocrx_word' id='word_1_260' title='bbox 197 4130 335 4199; x_wconf 90' lang='lat' dir='ltr'><strong>decima</strong></span> <span class='ocrx_word' id='word_1_261' title='bbox 361 4141 484 4222; x_wconf 89' lang='lat' dir='ltr'><strong>quarta</strong></span> <span class='ocrx_word' id='word_1_262' title='bbox 501 4124 635 4217; x_wconf 85' lang='lat' dir='ltr'><strong>Aprilis</strong></span> <span class='ocrx_word' id='word_1_263' title='bbox 658 4140 692 4195; x_wconf 90' lang='lat' dir='ltr'><strong>et</strong></span> <span class='ocrx_word' id='word_1_264' title='bbox 714 4120 904 4195; x_wconf 88' lang='lat' dir='ltr'><strong>Pascbatos</strong></span> <span class='ocrx_word' id='word_1_265' title='bbox 928 4126 1022 4209; x_wconf 86' lang='lat' dir='ltr'><strong>dies,</strong></span> <span class='ocrx_word' id='word_1_266' title='bbox 1048 4128 1091 4193; x_wconf 91' lang='lat' dir='ltr'><strong>de</strong></span> 
     </span>
     <span class='ocr_line' id='line_1_40' title="bbox 104 4228 1091 4327; baseline -0.005 -26"><span class='ocrx_word' id='word_1_267' title='bbox 104 4232 194 4303; x_wconf 86' lang='lat' dir='ltr'><strong>lecto</strong></span> <span class='ocrx_word' id='word_1_268' title='bbox 212 4230 382 4310; x_wconf 84' lang='lat' dir='ltr'><strong>surrexit,</strong></span> <span class='ocrx_word' id='word_1_269' title='bbox 410 4240 443 4297; x_wconf 90' lang='lat' dir='ltr'><strong>et</strong></span> <span class='ocrx_word' id='word_1_270' title='bbox 459 4252 662 4321; x_wconf 89' lang='lat' dir='ltr'><strong>quanquam</strong></span> <span class='ocrx_word' id='word_1_271' title='bbox 680 4228 771 4296; x_wconf 91' lang='lat' dir='ltr'><strong>vires</strong></span> <span class='ocrx_word' id='word_1_272' title='bbox 787 4230 836 4327; x_wconf 66' lang='lat' dir='ltr'><strong>ita</strong></span> <span class='ocrx_word' id='word_1_273' title='bbox 852 4244 951 4297; x_wconf 88' lang='lat' dir='ltr'><strong>erant</strong></span> <span class='ocrx_word' id='word_1_274' title='bbox 979 4228 1091 4296; x_wconf 90' lang='lat' dir='ltr'><strong>imbe-</strong></span> 
     </span>
     <span class='ocr_line' id='line_1_41' title="bbox 104 4330 1090 4421; baseline -0.008 -16"><span class='ocrx_word' id='word_1_275' title='bbox 104 4334 226 4413; x_wconf 84' lang='lat' dir='ltr'><strong>cillae,</strong></span> <span class='ocrx_word' id='word_1_276' title='bbox 252 4347 292 4403; x_wconf 90' lang='lat' dir='ltr'><strong>ut</strong></span> <span class='ocrx_word' id='word_1_277' title='bbox 313 4332 371 4400; x_wconf 86' lang='lat' dir='ltr'><strong>vix</strong></span> <span class='ocrx_word' id='word_1_278' title='bbox 393 4332 536 4419; x_wconf 76' lang='lat' dir='ltr'><strong>ingredi</strong></span> <span class='ocrx_word' id='word_1_279' title='bbox 555 4354 654 4421; x_wconf 88' lang='lat' dir='ltr'><strong>posse</strong></span> <span class='ocrx_word' id='word_1_280' title='bbox 675 4330 873 4414; x_wconf 88' lang='lat' dir='ltr'><strong>videretur,</strong></span> <span class='ocrx_word' id='word_1_281' title='bbox 898 4342 1017 4400; x_wconf 87' lang='lat' dir='ltr'><strong>tamen</strong></span> <span class='ocrx_word' id='word_1_282' title='bbox 1045 4331 1090 4397; x_wconf 92' lang='lat' dir='ltr'><strong>ad</strong></span> 
     </span>
     <span class='ocr_line' id='line_1_42' title="bbox 101 4424 1089 4525; baseline -0.008 -18"><span class='ocrx_word' id='word_1_283' title='bbox 101 4436 292 4507; x_wconf 84' lang='lat' dir='ltr'><strong>lectionem</strong></span> <span class='ocrx_word' id='word_1_284' title='bbox 309 4434 486 4523; x_wconf 90' lang='lat' dir='ltr'><strong>publicam</strong></span> <span class='ocrx_word' id='word_1_285' title='bbox 504 4434 714 4502; x_wconf 88' lang='lat' dir='ltr'><strong>descendere</strong></span> <span class='ocrx_word' id='word_1_286' title='bbox 729 4432 889 4512; x_wconf 86' lang='lat' dir='ltr'><strong>volebat,</strong></span> <span class='ocrx_word' id='word_1_287' title='bbox 915 4456 984 4525; x_wconf 92' lang='lat' dir='ltr'><strong>qua</strong></span> <span class='ocrx_word' id='word_1_288' title='bbox 1003 4424 1089 4499; x_wconf 89' lang='lat' dir='ltr'><strong>hora</strong></span> 
     </span>
     <span class='ocr_line' id='line_1_43' title="bbox 101 4530 1091 4627; baseline -0.008 -18"><span class='ocrx_word' id='word_1_289' title='bbox 101 4552 196 4609; x_wconf 78' lang='lat' dir='ltr'><strong>sexta</strong></span> <span class='ocrx_word' id='word_1_290' title='bbox 212 4532 394 4606; x_wconf 87' lang='lat' dir='ltr'><strong>historiam</strong></span> <span class='ocrx_word' id='word_1_291' title='bbox 410 4530 681 4624; x_wconf 84' lang='lat' dir='ltr'><strong>Evangelicam,</strong></span> <span class='ocrx_word' id='word_1_292' title='bbox 707 4558 797 4627; x_wconf 90' lang='lat' dir='ltr'><strong>quae</strong></span> <span class='ocrx_word' id='word_1_293' title='bbox 819 4559 861 4602; x_wconf 90' lang='lat' dir='ltr'><strong>eo</strong></span> <span class='ocrx_word' id='word_1_294' title='bbox 876 4536 935 4603; x_wconf 90' lang='lat' dir='ltr'><strong>die</strong></span> <span class='ocrx_word' id='word_1_295' title='bbox 950 4534 988 4602; x_wconf 89' lang='lat' dir='ltr'><strong>in</strong></span> <span class='ocrx_word' id='word_1_296' title='bbox 1004 4558 1091 4603; x_wconf 89' lang='lat' dir='ltr'><strong>eon-</strong></span> 
     </span>
     <span class='ocr_line' id='line_1_44' title="bbox 102 4632 1090 4728; baseline -0.01 -15"><span class='ocrx_word' id='word_1_297' title='bbox 102 4638 270 4713; x_wconf 85' lang='lat' dir='ltr'><strong>eionibus</strong></span> <span class='ocrx_word' id='word_1_298' title='bbox 285 4638 394 4707; x_wconf 90' lang='lat' dir='ltr'><strong>sacris</strong></span> <span class='ocrx_word' id='word_1_299' title='bbox 407 4638 639 4728; x_wconf 85' lang='lat' dir='ltr'><strong>proponitur,</strong></span> <span class='ocrx_word' id='word_1_300' title='bbox 661 4632 876 4705; x_wconf 82' lang='lat' dir='ltr'><strong>scholasticis</strong></span> <span class='ocrx_word' id='word_1_301' title='bbox 891 4636 1090 4726; x_wconf 82' lang='lat' dir='ltr'><strong>explicaret,</strong></span> 
     </span>
     <span class='ocr_line' id='line_1_45' title="bbox 100 4738 1088 4830; baseline -0.007 -17"><span class='ocrx_word' id='word_1_302' title='bbox 100 4744 161 4813; x_wconf 86' lang='lat' dir='ltr'><strong>sed</strong></span> <span class='ocrx_word' id='word_1_303' title='bbox 185 4740 355 4830; x_wconf 89' lang='lat' dir='ltr'><strong>impedita</strong></span> <span class='ocrx_word' id='word_1_304' title='bbox 380 4764 436 4809; x_wconf 86' lang='lat' dir='ltr'><strong>res</strong></span> <span class='ocrx_word' id='word_1_305' title='bbox 458 4740 544 4822; x_wconf 86' lang='lat' dir='ltr'><strong>luit,</strong></span> <span class='ocrx_word' id='word_1_306' title='bbox 570 4754 605 4808; x_wconf 89' lang='lat' dir='ltr'><strong>rt</strong></span> <span class='ocrx_word' id='word_1_307' title='bbox 629 4740 676 4806; x_wconf 90' lang='lat' dir='ltr'><strong>ad</strong></span> <span class='ocrx_word' id='word_1_308' title='bbox 698 4738 867 4808; x_wconf 89' lang='lat' dir='ltr'><strong>auditorii</strong></span> <span class='ocrx_word' id='word_1_309' title='bbox 884 4739 976 4807; x_wconf 85' lang='lat' dir='ltr'><strong>iores</strong></span> <span class='ocrx_word' id='word_1_310' title='bbox 992 4762 1088 4807; x_wconf 88' lang='lat' dir='ltr'><strong>nnn·</strong></span> 
     </span>
     <span class='ocr_line' id='line_1_46' title="bbox 98 4838 1089 4933; baseline -0.009 -16"><span class='ocrx_word' id='word_1_311' title='bbox 98 4846 234 4917; x_wconf 83' lang='lat' dir='ltr'><strong>eiatum</strong></span> <span class='ocrx_word' id='word_1_312' title='bbox 258 4842 303 4915; x_wconf 90' lang='lat' dir='ltr'><strong>D.</strong></span> <span class='ocrx_word' id='word_1_313' title='bbox 317 4838 523 4933; x_wconf 86' lang='lat' dir='ltr'><strong>Philippum</strong></span> <span class='ocrx_word' id='word_1_314' title='bbox 550 4866 625 4910; x_wconf 91' lang='lat' dir='ltr'><strong>non</strong></span> <span class='ocrx_word' id='word_1_315' title='bbox 649 4864 722 4909; x_wconf 90' lang='lat' dir='ltr'><strong>esse</strong></span> <span class='ocrx_word' id='word_1_316' title='bbox 742 4841 939 4924; x_wconf 88' lang='lat' dir='ltr'><strong>lecturum,</strong></span> <span class='ocrx_word' id='word_1_317' title='bbox 961 4839 1008 4909; x_wconf 87' lang='lat' dir='ltr'><strong>ita</strong></span> <span class='ocrx_word' id='word_1_318' title='bbox 1024 4862 1089 4908; x_wconf 91' lang='lat' dir='ltr'><strong>au-</strong></span> 
     </span>
     <span class='ocr_line' id='line_1_47' title="bbox 97 4942 1089 5035; baseline -0.008 -16"><span class='ocrx_word' id='word_1_319' title='bbox 97 4950 235 5019; x_wconf 89' lang='lat' dir='ltr'><strong>ditores</strong></span> <span class='ocrx_word' id='word_1_320' title='bbox 253 4956 562 5023; x_wconf 90' lang='lat' dir='ltr'><strong>consurrexerunt,</strong></span> <span class='ocrx_word' id='word_1_321' title='bbox 589 4942 652 5034; x_wconf 91' lang='lat' dir='ltr'><strong>qui</strong></span> <span class='ocrx_word' id='word_1_322' title='bbox 666 4953 906 5011; x_wconf 89' lang='lat' dir='ltr'><strong>convenerant</strong></span> <span class='ocrx_word' id='word_1_323' title='bbox 922 4943 1089 5035; x_wconf 89' lang='lat' dir='ltr'><strong>lrequen·</strong></span> 
     </span>
     <span class='ocr_line' id='line_1_48' title="bbox 97 5044 1089 5131; baseline -0.009 -9"><span class='ocrx_word' id='word_1_324' title='bbox 97 5048 240 5123; x_wconf 84' lang='lat' dir='ltr'><strong>tissimi.</strong></span> <span class='ocrx_word' id='word_1_325' title='bbox 302 5044 374 5115; x_wconf 85' lang='lat' dir='ltr'><strong>lam</strong></span> <span class='ocrx_word' id='word_1_326' title='bbox 410 5046 473 5114; x_wconf 89' lang='lat' dir='ltr'><strong>ille</strong></span> <span class='ocrx_word' id='word_1_327' title='bbox 505 5058 637 5115; x_wconf 87' lang='lat' dir='ltr'><strong>vestem</strong></span> <span class='ocrx_word' id='word_1_328' title='bbox 664 5058 860 5131; x_wconf 84' lang='lat' dir='ltr'><strong>sumserat,</strong></span> <span class='ocrx_word' id='word_1_329' title='bbox 894 5044 1028 5115; x_wconf 72' lang='lat' dir='ltr'><strong>frustra</strong></span> <span class='ocrx_word' id='word_1_330' title='bbox 1055 5056 1089 5115; x_wconf 85' lang='lat' dir='ltr'><strong>et</strong></span> 
     </span>
    </p>
   </div>
   <div class='ocr_carea' id='block_1_2' title="bbox 96 5266 301 5287">
    <p class='ocr_par' dir='ltr' id='par_1_3' title="bbox 96 5266 301 5287">
     <span class='ocr_line' id='line_1_49' title="bbox 96 5266 301 5287; baseline -0.005 -7"><span class='ocrx_word' id='word_1_331' title='bbox 96 5266 301 5287; x_wconf 50' lang='grc' dir='ltr'>μ...-</span> 
     </span>
    </p>
   </div>
   <div class='ocr_carea' id='block_1_3' title="bbox 130 5368 524 5439">
    <p class='ocr_par' dir='ltr' id='par_1_4' title="bbox 130 5368 524 5439">
     <span class='ocr_line' id='line_1_50' title="bbox 130 5368 524 5439; baseline 0 -14"><span class='ocrx_word' id='word_1_332' title='bbox 130 5372 165 5439; x_wconf 77' lang='grc'><strong>8)</strong></span> <span class='ocrx_word' id='word_1_333' title='bbox 184 5368 238 5425; x_wconf 85' lang='lat' dir='ltr'><strong>Ed.</strong></span> <span class='ocrx_word' id='word_1_334' title='bbox 249 5369 277 5423; x_wconf 81' lang='lat'><strong>2.</strong></span> <span class='ocrx_word' id='word_1_335' title='bbox 296 5368 524 5435; x_wconf 68' lang='lat' dir='ltr'><strong>supinalem.</strong></span> 
     </span>
    </p>
   </div>
   <div class='ocr_carea' id='block_1_4' title="bbox 502 180 1796 274">
    <p class='ocr_par' dir='ltr' id='par_1_5' title="bbox 502 180 1796 274">
     <span class='ocr_line' id='line_1_51' title="bbox 502 180 1796 274; baseline -0.01 -4"><span class='ocrx_word' id='word_1_336' title='bbox 502 184 756 269; x_wconf 74' lang='lat' dir='ltr'><strong>scatere</strong></span> <span class='ocrx_word' id='word_1_337' title='bbox 789 188 866 264; x_wconf 83' lang='lat' dir='ltr'><strong>An</strong></span> <span class='ocrx_word' id='word_1_338' title='bbox 899 184 1097 261; x_wconf 81' lang='lat' dir='ltr'><strong>vrraar</strong></span> <span class='ocrx_word' id='word_1_339' title='bbox 1124 180 1205 261; x_wconf 74' lang='lat' dir='ltr'><strong>nr·</strong></span> <span class='ocrx_word' id='word_1_340' title='bbox 1231 183 1469 261; x_wconf 79' lang='lat' dir='ltr'><strong>ourrun</strong></span> <span class='ocrx_word' id='word_1_341' title='bbox 1493 184 1796 274; x_wconf 71' lang='lat' dir='ltr'><strong>uaranrrr,</strong></span> 
     </span>
    </p>
   </div>
   <div class='ocr_carea' id='block_1_5' title="bbox 2001 208 2237 323">
    <p class='ocr_par' dir='ltr' id='par_1_6' title="bbox 2001 208 2237 323">
     <span class='ocr_line' id='line_1_52' title="bbox 2001 208 2237 323; baseline -0.017 -34"><span class='ocrx_word' id='word_1_342' title='bbox 2001 208 2237 323; x_wconf 71' lang='lat' dir='ltr'><strong>,aaa</strong></span> 
     </span>
    </p>
   </div>
   <div class='ocr_carea' id='block_1_6' title="bbox 1141 359 2155 4515">
    <p class='ocr_par' dir='ltr' id='par_1_7' title="bbox 1141 359 2155 4515">
     <span class='ocr_line' id='line_1_53' title="bbox 1162 359 2154 464; baseline 0.023 -38"><span class='ocrx_word' id='word_1_343' title='bbox 1162 373 1308 442; x_wconf 90' lang='lat' dir='ltr'><strong>orante,</strong></span> <span class='ocrx_word' id='word_1_344' title='bbox 1342 374 1377 430; x_wconf 91' lang='lat' dir='ltr'><strong>et</strong></span> <span class='ocrx_word' id='word_1_345' title='bbox 1405 359 1652 448; x_wconf 85' lang='lat' dir='ltr'><strong>dissuadente,</strong></span> <span class='ocrx_word' id='word_1_346' title='bbox 1684 380 1718 437; x_wconf 90' lang='lat' dir='ltr'><strong>et</strong></span> <span class='ocrx_word' id='word_1_347' title='bbox 1751 364 2154 464; x_wconf 86' lang='lat' dir='ltr'><strong>hortante·Camerario·,</strong></span> 
     </span>
     <span class='ocr_line' id='line_1_54' title="bbox 1162 462 2153 561; baseline 0.023 -33"><span class='ocrx_word' id='word_1_348' title='bbox 1162 483 1208 529; x_wconf 88' lang='lat' dir='ltr'><strong>ne</strong></span> <span class='ocrx_word' id='word_1_349' title='bbox 1224 462 1262 530; x_wconf 95' lang='lat' dir='ltr'><strong>in</strong></span> <span class='ocrx_word' id='word_1_350' title='bbox 1279 462 1461 553; x_wconf 84' lang='lat' dir='ltr'><strong>publicum</strong></span> <span class='ocrx_word' id='word_1_351' title='bbox 1478 466 1653 553; x_wconf 80' lang='lat' dir='ltr'><strong>prodiret,</strong></span> <span class='ocrx_word' id='word_1_352' title='bbox 1681 468 1736 537; x_wconf 92' lang='lat' dir='ltr'><strong>eui</strong></span> <span class='ocrx_word' id='word_1_353' title='bbox 1759 470 1823 539; x_wconf 89' lang='lat' dir='ltr'><strong>ille</strong></span> <span class='ocrx_word' id='word_1_354' title='bbox 1836 476 2045 561; x_wconf 88' lang='lat' dir='ltr'><strong>adversans,</strong></span> <span class='ocrx_word' id='word_1_355' title='bbox 2072 493 2153 550; x_wconf 87' lang='lat' dir='ltr'><strong>tan·</strong></span> 
     </span>
     <span class='ocr_line' id='line_1_55' title="bbox 1161 565 2152 671; baseline 0.024 -39"><span class='ocrx_word' id='word_1_356' title='bbox 1161 577 1237 632; x_wconf 90' lang='lat' dir='ltr'><strong>tum</strong></span> <span class='ocrx_word' id='word_1_357' title='bbox 1255 565 1388 647; x_wconf 89' lang='lat' dir='ltr'><strong>aiebat,</strong></span> <span class='ocrx_word' id='word_1_358' title='bbox 1414 566 1554 633; x_wconf 89' lang='lat' dir='ltr'><strong>unicam</strong></span> <span class='ocrx_word' id='word_1_359' title='bbox 1575 572 1787 641; x_wconf 88' lang='lat' dir='ltr'><strong>seutentiam</strong></span> <span class='ocrx_word' id='word_1_360' title='bbox 1814 578 1934 665; x_wconf 88' lang='lat' dir='ltr'><strong>pueris</strong></span> <span class='ocrx_word' id='word_1_361' title='bbox 1957 581 2152 671; x_wconf 70' lang='lat' dir='ltr'><strong>explicabo-0</strong></span> 
     </span>
     <span class='ocr_line' id='line_1_56' title="bbox 1164 662 2148 776; baseline 0.021 -45"><span class='ocrx_word' id='word_1_362' title='bbox 1164 662 1214 733; x_wconf 92' lang='lat' dir='ltr'><strong>lta</strong></span> <span class='ocrx_word' id='word_1_363' title='bbox 1250 666 1322 734; x_wconf 86' lang='lat' dir='ltr'><strong>illis</strong></span> <span class='ocrx_word' id='word_1_364' title='bbox 1359 672 1709 741; x_wconf 88' lang='lat' dir='ltr'><strong>controversantibus</strong></span> <span class='ocrx_word' id='word_1_365' title='bbox 1753 674 1947 749; x_wconf 83' lang='lat' dir='ltr'><strong>intervenit</strong></span> <span class='ocrx_word' id='word_1_366' title='bbox 1987 676 2148 776; x_wconf 88' lang='lat' dir='ltr'><strong>Philippi</strong></span> 
     </span>
     <span class='ocr_line' id='line_1_57' title="bbox 1161 766 2148 870; baseline 0.021 -37"><span class='ocrx_word' id='word_1_367' title='bbox 1161 766 1274 853; x_wconf 88' lang='lat' dir='ltr'><strong>lilius,</strong></span> <span class='ocrx_word' id='word_1_368' title='bbox 1299 781 1335 837; x_wconf 90' lang='lat' dir='ltr'><strong>et</strong></span> <span class='ocrx_word' id='word_1_369' title='bbox 1352 768 1604 840; x_wconf 74' lang='lat' dir='ltr'><strong>nunciarl‘atri</strong></span> <span class='ocrx_word' id='word_1_370' title='bbox 1618 775 1795 844; x_wconf 88' lang='lat' dir='ltr'><strong>nerninem</strong></span> <span class='ocrx_word' id='word_1_371' title='bbox 1814 802 1886 847; x_wconf 86' lang='lat' dir='ltr'><strong>esse</strong></span> <span class='ocrx_word' id='word_1_372' title='bbox 1903 780 1942 849; x_wconf 90' lang='lat' dir='ltr'><strong>in</strong></span> <span class='ocrx_word' id='word_1_373' title='bbox 1955 784 2148 870; x_wconf 85' lang='lat' dir='ltr'><strong>auditorio,</strong></span> 
     </span>
     <span class='ocr_line' id='line_1_58' title="bbox 1159 868 2147 979; baseline 0.021 -44"><span class='ocrx_word' id='word_1_374' title='bbox 1159 892 1265 957; x_wconf 91' lang='lat' dir='ltr'><strong>quem</strong></span> <span class='ocrx_word' id='word_1_375' title='bbox 1299 868 1404 939; x_wconf 89' lang='lat' dir='ltr'><strong>Pater</strong></span> <span class='ocrx_word' id='word_1_376' title='bbox 1437 871 1561 941; x_wconf 88' lang='lat' dir='ltr'><strong>durius</strong></span> <span class='ocrx_word' id='word_1_377' title='bbox 1587 878 1819 963; x_wconf 91' lang='lat' dir='ltr'><strong>compellans,</strong></span> <span class='ocrx_word' id='word_1_378' title='bbox 1854 904 1936 969; x_wconf 84' lang='lat' dir='ltr'><strong>ergo</strong></span> <span class='ocrx_word' id='word_1_379' title='bbox 1962 896 2000 952; x_wconf 91' lang='lat' dir='ltr'><strong>tu</strong></span> <span class='ocrx_word' id='word_1_380' title='bbox 2029 884 2147 979; x_wconf 87' lang='lat' dir='ltr'><strong>inquit</strong></span> 
     </span>
     <span class='ocr_line' id='line_1_59' title="bbox 1159 970 2147 1077; baseline 0.021 -41"><span class='ocrx_word' id='word_1_381' title='bbox 1159 970 1338 1039; x_wconf 89' lang='lat' dir='ltr'><strong>discedere</strong></span> <span class='ocrx_word' id='word_1_382' title='bbox 1354 970 1511 1041; x_wconf 83' lang='lat' dir='ltr'><strong>iussisti?</strong></span> <span class='ocrx_word' id='word_1_383' title='bbox 1534 978 1727 1067; x_wconf 91' lang='lat' dir='ltr'><strong>quodcum</strong></span> <span class='ocrx_word' id='word_1_384' title='bbox 1747 981 1840 1050; x_wconf 86' lang='lat' dir='ltr'><strong>lilius</strong></span> <span class='ocrx_word' id='word_1_385' title='bbox 1863 1001 2022 1071; x_wconf 81' lang='lat' dir='ltr'><strong>negaret,</strong></span> <span class='ocrx_word' id='word_1_386' title='bbox 2048 1002 2147 1077; x_wconf 87' lang='lat' dir='ltr'><strong>pater</strong></span> 
     </span>
     <span class='ocr_line' id='line_1_60' title="bbox 1158 1070 2144 1175; baseline 0.02 -36"><span class='ocrx_word' id='word_1_387' title='bbox 1158 1070 1278 1140; x_wconf 90' lang='lat' dir='ltr'><strong>animo</strong></span> <span class='ocrx_word' id='word_1_388' title='bbox 1294 1076 1433 1152; x_wconf 88' lang='lat' dir='ltr'><strong>sedato,</strong></span> <span class='ocrx_word' id='word_1_389' title='bbox 1458 1074 1514 1143; x_wconf 91' lang='lat' dir='ltr'><strong>cui</strong></span> <span class='ocrx_word' id='word_1_390' title='bbox 1532 1075 1641 1163; x_wconf 91' lang='lat' dir='ltr'><strong>igitur</strong></span> <span class='ocrx_word' id='word_1_391' title='bbox 1661 1078 1794 1165; x_wconf 87' lang='lat' dir='ltr'><strong>legam,</strong></span> <span class='ocrx_word' id='word_1_392' title='bbox 1822 1084 1955 1175; x_wconf 86' lang='lat' dir='ltr'><strong>inquit,</strong></span> <span class='ocrx_word' id='word_1_393' title='bbox 1977 1088 2008 1155; x_wconf 86' lang='lat' dir='ltr'><strong>si</strong></span> <span class='ocrx_word' id='word_1_394' title='bbox 2035 1112 2144 1159; x_wconf 90' lang='lat' dir='ltr'><strong>nemo</strong></span> 
     </span>
     <span class='ocr_line' id='line_1_61' title="bbox 1157 1172 2145 1265; baseline 0.019 -25"><span class='ocrx_word' id='word_1_395' title='bbox 1157 1174 1274 1257; x_wconf 91' lang='lat' dir='ltr'><strong>adest,</strong></span> <span class='ocrx_word' id='word_1_396' title='bbox 1301 1189 1334 1244; x_wconf 90' lang='lat' dir='ltr'><strong>et</strong></span> <span class='ocrx_word' id='word_1_397' title='bbox 1347 1172 1424 1244; x_wconf 91' lang='lat' dir='ltr'><strong>sine</strong></span> <span class='ocrx_word' id='word_1_398' title='bbox 1439 1176 1602 1265; x_wconf 88' lang='lat' dir='ltr'><strong>graviore</strong></span> <span class='ocrx_word' id='word_1_399' title='bbox 1615 1184 1851 1253; x_wconf 89' lang='lat' dir='ltr'><strong>commotione</strong></span> <span class='ocrx_word' id='word_1_400' title='bbox 1867 1204 1997 1255; x_wconf 88' lang='lat' dir='ltr'><strong>vestem</strong></span> <span class='ocrx_word' id='word_1_401' title='bbox 2021 1210 2145 1259; x_wconf 88' lang='lat' dir='ltr'><strong>rursus</strong></span> 
     </span>
     <span class='ocr_line' id='line_1_62' title="bbox 1157 1272 2146 1383; baseline 0.018 -40"><span class='ocrx_word' id='word_1_402' title='bbox 1157 1276 1339 1363; x_wconf 90' lang='lat' dir='ltr'><strong>deposuit,</strong></span> <span class='ocrx_word' id='word_1_403' title='bbox 1373 1291 1479 1368; x_wconf 83' lang='lat' dir='ltr'><strong>atque</strong></span> <span class='ocrx_word' id='word_1_404' title='bbox 1506 1272 1572 1346; x_wconf 90' lang='lat' dir='ltr'><strong>hac</strong></span> <span class='ocrx_word' id='word_1_405' title='bbox 1597 1279 1742 1349; x_wconf 88' lang='lat' dir='ltr'><strong>minime</strong></span> <span class='ocrx_word' id='word_1_406' title='bbox 1767 1282 1993 1383; x_wconf 77' lang='lat' dir='ltr'><strong>culpanda⁹)</strong></span> <span class='ocrx_word' id='word_1_407' title='bbox 2019 1290 2146 1360; x_wconf 83' lang='lat' dir='ltr'><strong>fraude</strong></span> 
     </span>
     <span class='ocr_line' id='line_1_63' title="bbox 1156 1376 2144 1481; baseline 0.017 -38"><span class='ocrx_word' id='word_1_408' title='bbox 1156 1376 1218 1445; x_wconf 91' lang='lat' dir='ltr'><strong>illa</strong></span> <span class='ocrx_word' id='word_1_409' title='bbox 1237 1376 1268 1444; x_wconf 91' lang='lat' dir='ltr'><strong>ei</strong></span> <span class='ocrx_word' id='word_1_410' title='bbox 1284 1401 1403 1445; x_wconf 89' lang='lat' dir='ltr'><strong>aversa</strong></span> <span class='ocrx_word' id='word_1_411' title='bbox 1419 1380 1621 1467; x_wconf 79' lang='lat' dir='ltr'><strong>defatigatio</strong></span> <span class='ocrx_word' id='word_1_412' title='bbox 1638 1383 1687 1449; x_wconf 87' lang='lat' dir='ltr'><strong>sic</strong></span> <span class='ocrx_word' id='word_1_413' title='bbox 1711 1384 1797 1467; x_wconf 82' lang='lat' dir='ltr'><strong>luit,</strong></span> <span class='ocrx_word' id='word_1_414' title='bbox 1818 1403 1857 1457; x_wconf 91' lang='lat' dir='ltr'><strong>ut</strong></span> <span class='ocrx_word' id='word_1_415' title='bbox 1873 1414 1977 1481; x_wconf 80' lang='lat' dir='ltr'><strong>qrurrn</strong></span> <span class='ocrx_word' id='word_1_416' title='bbox 1993 1392 2144 1461; x_wconf 89' lang='lat' dir='ltr'><strong>minime</strong></span> 
     </span>
     <span class='ocr_line' id='line_1_64' title="bbox 1155 1483 2142 1586; baseline 0.018 -41"><span class='ocrx_word' id='word_1_417' title='bbox 1155 1493 1457 1563; x_wconf 91' lang='lat' dir='ltr'><strong>commoveretur,</strong></span> <span class='ocrx_word' id='word_1_418' title='bbox 1484 1496 1691 1552; x_wconf 89' lang='lat' dir='ltr'><strong>nontamen</strong></span> <span class='ocrx_word' id='word_1_419' title='bbox 1710 1483 1821 1571; x_wconf 90' lang='lat' dir='ltr'><strong>nihil,</strong></span> <span class='ocrx_word' id='word_1_420' title='bbox 1847 1516 1951 1583; x_wconf 89' lang='lat' dir='ltr'><strong>quam</strong></span> <span class='ocrx_word' id='word_1_421' title='bbox 1976 1517 2050 1560; x_wconf 92' lang='lat' dir='ltr'><strong>non</strong></span> <span class='ocrx_word' id='word_1_422' title='bbox 2076 1517 2142 1586; x_wconf 92' lang='lat' dir='ltr'><strong>po-</strong></span> 
     </span>
     <span class='ocr_line' id='line_1_65' title="bbox 1155 1580 2142 1675; baseline 0.018 -28"><span class='ocrx_word' id='word_1_423' title='bbox 1155 1580 1279 1649; x_wconf 89' lang='lat' dir='ltr'><strong>tuisset</strong></span> <span class='ocrx_word' id='word_1_424' title='bbox 1298 1583 1482 1652; x_wconf 88' lang='lat' dir='ltr'><strong>sustinere.</strong></span> <span class='ocrx_word' id='word_1_425' title='bbox 1541 1581 1758 1675; x_wconf 87' lang='lat' dir='ltr'><strong>Expectabat</strong></span> <span class='ocrx_word' id='word_1_426' title='bbox 1782 1602 1856 1660; x_wconf 87' lang='lat' dir='ltr'><strong>turn</strong></span> <span class='ocrx_word' id='word_1_427' title='bbox 1878 1594 1921 1659; x_wconf 91' lang='lat' dir='ltr'><strong>ad</strong></span> <span class='ocrx_word' id='word_1_428' title='bbox 1944 1594 2036 1661; x_wconf 82' lang='lat' dir='ltr'><strong>iores</strong></span> <span class='ocrx_word' id='word_1_429' title='bbox 2059 1620 2142 1665; x_wconf 87' lang='lat' dir='ltr'><strong>rnu-</strong></span> 
     </span>
     <span class='ocr_line' id='line_1_66' title="bbox 1155 1682 2142 1781; baseline 0.019 -33"><span class='ocrx_word' id='word_1_430' title='bbox 1155 1682 1225 1749; x_wconf 90' lang='lat' dir='ltr'><strong>saei</strong></span> <span class='ocrx_word' id='word_1_431' title='bbox 1254 1682 1457 1751; x_wconf 86' lang='lat' dir='ltr'><strong>tabellarius</strong></span> <span class='ocrx_word' id='word_1_432' title='bbox 1479 1684 1605 1755; x_wconf 88' lang='lat' dir='ltr'><strong>missus</strong></span> <span class='ocrx_word' id='word_1_433' title='bbox 1629 1690 1671 1754; x_wconf 90' lang='lat' dir='ltr'><strong>ad</strong></span> <span class='ocrx_word' id='word_1_434' title='bbox 1696 1713 1776 1758; x_wconf 89' lang='lat' dir='ltr'><strong>enm</strong></span> <span class='ocrx_word' id='word_1_435' title='bbox 1794 1716 1834 1759; x_wconf 90' lang='lat' dir='ltr'><strong>ex</strong></span> <span class='ocrx_word' id='word_1_436' title='bbox 1850 1692 2080 1781; x_wconf 90' lang='lat' dir='ltr'><strong>Pomerania,</strong></span> <span class='ocrx_word' id='word_1_437' title='bbox 2106 1712 2142 1767; x_wconf 87' lang='lat' dir='ltr'><strong>et</strong></span> 
     </span>
     <span class='ocr_line' id='line_1_67' title="bbox 1155 1786 2141 1875; baseline 0.017 -24"><span class='ocrx_word' id='word_1_438' title='bbox 1155 1797 1256 1851; x_wconf 90' lang='lat' dir='ltr'><strong>crant</strong></span> <span class='ocrx_word' id='word_1_439' title='bbox 1270 1786 1393 1852; x_wconf 85' lang='lat' dir='ltr'><strong>eodern</strong></span> <span class='ocrx_word' id='word_1_440' title='bbox 1412 1798 1569 1875; x_wconf 83' lang='lat' dir='ltr'><strong>ternpore</strong></span> <span class='ocrx_word' id='word_1_441' title='bbox 1587 1788 1711 1858; x_wconf 89' lang='lat' dir='ltr'><strong>literae</strong></span> <span class='ocrx_word' id='word_1_442' title='bbox 1727 1792 1758 1858; x_wconf 90' lang='lat' dir='ltr'><strong>ei</strong></span> <span class='ocrx_word' id='word_1_443' title='bbox 1775 1794 1981 1865; x_wconf 87' lang='lat' dir='ltr'><strong>scribendae</strong></span> <span class='ocrx_word' id='word_1_444' title='bbox 2001 1798 2048 1865; x_wconf 85' lang='lat' dir='ltr'><strong>ad</strong></span> <span class='ocrx_word' id='word_1_445' title='bbox 2063 1797 2141 1868; x_wconf 87' lang='lat' dir='ltr'><strong>Du-</strong></span> 
     </span>
     <span class='ocr_line' id='line_1_68' title="bbox 1154 1882 2140 1985; baseline 0.016 -32"><span class='ocrx_word' id='word_1_446' title='bbox 1154 1910 1228 1953; x_wconf 90' lang='lat' dir='ltr'><strong>cem</strong></span> <span class='ocrx_word' id='word_1_447' title='bbox 1248 1882 1436 1955; x_wconf 88' lang='lat' dir='ltr'><strong>Borussiae</strong></span> <span class='ocrx_word' id='word_1_448' title='bbox 1451 1903 1516 1957; x_wconf 86' lang='lat' dir='ltr'><strong>etc.</strong></span> <span class='ocrx_word' id='word_1_449' title='bbox 1576 1886 1744 1979; x_wconf 89' lang='lat' dir='ltr'><strong>lmpedita</strong></span> <span class='ocrx_word' id='word_1_450' title='bbox 1761 1893 1870 1983; x_wconf 84' lang='lat' dir='ltr'><strong>igitur</strong></span> <span class='ocrx_word' id='word_1_451' title='bbox 1893 1898 2140 1985; x_wconf 84' lang='lat' dir='ltr'><strong>praelectionis</strong></span> 
     </span>
     <span class='ocr_line' id='line_1_69' title="bbox 1154 1988 2155 2088; baseline 0.019 -35"><span class='ocrx_word' id='word_1_452' title='bbox 1154 1988 1316 2077; x_wconf 89' lang='lat' dir='ltr'><strong>publicae</strong></span> <span class='ocrx_word' id='word_1_453' title='bbox 1340 2012 1445 2077; x_wconf 88' lang='lat' dir='ltr'><strong>opera</strong></span> <span class='ocrx_word' id='word_1_454' title='bbox 1470 2004 1509 2059; x_wconf 92' lang='lat' dir='ltr'><strong>ut</strong></span> <span class='ocrx_word' id='word_1_455' title='bbox 1535 1990 1706 2078; x_wconf 85' lang='lat' dir='ltr'><strong>diximus,</strong></span> <span class='ocrx_word' id='word_1_456' title='bbox 1733 1991 1816 2064; x_wconf 89' lang='lat' dir='ltr'><strong>haec</strong></span> <span class='ocrx_word' id='word_1_457' title='bbox 1838 2001 1982 2088; x_wconf 82' lang='lat' dir='ltr'><strong>agebat,</strong></span> <span class='ocrx_word' id='word_1_458' title='bbox 2006 2014 2040 2071; x_wconf 91' lang='lat' dir='ltr'><strong>et</strong></span> <span class='ocrx_word' id='word_1_459' title='bbox 2066 1998 2155 2071; x_wconf 54' lang='lat' dir='ltr'><strong>Ros·</strong></span> 
     </span>
     <span class='ocr_line' id='line_1_70' title="bbox 1154 2090 2143 2195; baseline 0.018 -40"><span class='ocrx_word' id='word_1_460' title='bbox 1154 2090 1323 2157; x_wconf 88' lang='lat' dir='ltr'><strong>russiacas</strong></span> <span class='ocrx_word' id='word_1_461' title='bbox 1339 2091 1493 2180; x_wconf 89' lang='lat' dir='ltr'><strong>primurn</strong></span> <span class='ocrx_word' id='word_1_462' title='bbox 1519 2091 1557 2159; x_wconf 95' lang='lat' dir='ltr'><strong>in</strong></span> <span class='ocrx_word' id='word_1_463' title='bbox 1581 2116 1705 2164; x_wconf 74' lang='lat' dir='ltr'><strong>arianus</strong></span> <span class='ocrx_word' id='word_1_464' title='bbox 1719 2100 1897 2185; x_wconf 88' lang='lat' dir='ltr'><strong>sumebat,</strong></span> <span class='ocrx_word' id='word_1_465' title='bbox 1922 2125 2076 2195; x_wconf 89' lang='lat' dir='ltr'><strong>cumque</strong></span> <span class='ocrx_word' id='word_1_466' title='bbox 2101 2104 2143 2173; x_wconf 90' lang='lat' dir='ltr'><strong>in</strong></span> 
     </span>
     <span class='ocr_line' id='line_1_71' title="bbox 1154 2184 2140 2289; baseline 0.02 -35"><span class='ocrx_word' id='word_1_467' title='bbox 1154 2184 1210 2255; x_wconf 90' lang='lat' dir='ltr'><strong>his</strong></span> <span class='ocrx_word' id='word_1_468' title='bbox 1232 2192 1426 2258; x_wconf 88' lang='lat' dir='ltr'><strong>scribendis</strong></span> <span class='ocrx_word' id='word_1_469' title='bbox 1449 2193 1570 2285; x_wconf 90' lang='lat' dir='ltr'><strong>aliquo</strong></span> <span class='ocrx_word' id='word_1_470' title='bbox 1590 2220 1702 2287; x_wconf 90' lang='lat' dir='ltr'><strong>usquc</strong></span> <span class='ocrx_word' id='word_1_471' title='bbox 1718 2222 1922 2289; x_wconf 90' lang='lat' dir='ltr'><strong>progressus</strong></span> <span class='ocrx_word' id='word_1_472' title='bbox 1937 2204 2079 2289; x_wconf 82' lang='lat' dir='ltr'><strong>inisset,</strong></span> <span class='ocrx_word' id='word_1_473' title='bbox 2101 2228 2140 2274; x_wconf 89' lang='lat' dir='ltr'><strong>se</strong></span> 
     </span>
     <span class='ocr_line' id='line_1_72' title="bbox 1152 2289 2141 2396; baseline 0.02 -39"><span class='ocrx_word' id='word_1_474' title='bbox 1152 2289 1275 2379; x_wconf 85' lang='lat' dir='ltr'><strong>positis</strong></span> <span class='ocrx_word' id='word_1_475' title='bbox 1289 2289 1349 2375; x_wconf 90' lang='lat' dir='ltr'><strong>iis,</strong></span> <span class='ocrx_word' id='word_1_476' title='bbox 1370 2289 1599 2361; x_wconf 87' lang='lat' dir='ltr'><strong>Pomeranica</strong></span> <span class='ocrx_word' id='word_1_477' title='bbox 1618 2300 1844 2386; x_wconf 86' lang='lat' dir='ltr'><strong>expediebat,</strong></span> <span class='ocrx_word' id='word_1_478' title='bbox 1864 2318 1904 2374; x_wconf 92' lang='lat' dir='ltr'><strong>ut</strong></span> <span class='ocrx_word' id='word_1_479' title='bbox 1919 2304 2037 2375; x_wconf 89' lang='lat' dir='ltr'><strong>minus</strong></span> <span class='ocrx_word' id='word_1_480' title='bbox 2053 2329 2141 2396; x_wconf 87' lang='lat' dir='ltr'><strong>ope·</strong></span> 
     </span>
     <span class='ocr_line' id='line_1_73' title="bbox 1151 2392 2142 2483; baseline 0.015 -22"><span class='ocrx_word' id='word_1_481' title='bbox 1151 2415 1230 2461; x_wconf 90' lang='lat' dir='ltr'><strong>rosa</strong></span> <span class='ocrx_word' id='word_1_482' title='bbox 1246 2392 1399 2479; x_wconf 90' lang='lat' dir='ltr'><strong>negocia.</strong></span> <span class='ocrx_word' id='word_1_483' title='bbox 1449 2392 1588 2463; x_wconf 86' lang='lat' dir='ltr'><strong>Literas</strong></span> <span class='ocrx_word' id='word_1_484' title='bbox 1607 2396 1716 2483; x_wconf 87' lang='lat' dir='ltr'><strong>igitur</strong></span> <span class='ocrx_word' id='word_1_485' title='bbox 1740 2414 1814 2469; x_wconf 82' lang='lat' dir='ltr'><strong>trun</strong></span> <span class='ocrx_word' id='word_1_486' title='bbox 1836 2404 1872 2471; x_wconf 91' lang='lat' dir='ltr'><strong>in</strong></span> <span class='ocrx_word' id='word_1_487' title='bbox 1888 2403 2142 2476; x_wconf 77' lang='lat' dir='ltr'><strong>Porueranianr</strong></span> 
     </span>
     <span class='ocr_line' id='line_1_74' title="bbox 1152 2494 2138 2598; baseline 0.018 -37"><span class='ocrx_word' id='word_1_488' title='bbox 1152 2494 1327 2563; x_wconf 86' lang='lat' dir='ltr'><strong>scribebat</strong></span> <span class='ocrx_word' id='word_1_489' title='bbox 1342 2507 1459 2563; x_wconf 90' lang='lat' dir='ltr'><strong>ternas</strong></span> <span class='ocrx_word' id='word_1_490' title='bbox 1475 2496 1520 2563; x_wconf 90' lang='lat' dir='ltr'><strong>ad</strong></span> <span class='ocrx_word' id='word_1_491' title='bbox 1537 2496 1745 2580; x_wconf 85' lang='lat' dir='ltr'><strong>ruinirnnm,</strong></span> <span class='ocrx_word' id='word_1_492' title='bbox 1771 2516 1806 2571; x_wconf 90' lang='lat' dir='ltr'><strong>et</strong></span> <span class='ocrx_word' id='word_1_493' title='bbox 1830 2504 1971 2575; x_wconf 90' lang='lat' dir='ltr'><strong>libellos</strong></span> <span class='ocrx_word' id='word_1_494' title='bbox 1992 2509 2138 2598; x_wconf 90' lang='lat' dir='ltr'><strong>pluscu-</strong></span> 
     </span>
     <span class='ocr_line' id='line_1_75' title="bbox 1152 2590 2145 2681; baseline 0.018 -18"><span class='ocrx_word' id='word_1_495' title='bbox 1152 2597 1204 2663; x_wconf 93' lang='lat' dir='ltr'><strong>los</strong></span> <span class='ocrx_word' id='word_1_496' title='bbox 1226 2596 1406 2664; x_wconf 89' lang='lat' dir='ltr'><strong>concionis</strong></span> <span class='ocrx_word' id='word_1_497' title='bbox 1431 2590 1571 2667; x_wconf 86' lang='lat' dir='ltr'><strong>habitae</strong></span> <span class='ocrx_word' id='word_1_498' title='bbox 1595 2600 1639 2667; x_wconf 90' lang='lat' dir='ltr'><strong>ad</strong></span> <span class='ocrx_word' id='word_1_499' title='bbox 1656 2601 1763 2672; x_wconf 86' lang='lat' dir='ltr'><strong>funrrs</strong></span> <span class='ocrx_word' id='word_1_500' title='bbox 1784 2599 1894 2675; x_wconf 71' lang='lat' dir='ltr'><strong>Derris</strong></span> <span class='ocrx_word' id='word_1_501' title='bbox 1909 2604 2145 2681; x_wconf 69' lang='lat' dir='ltr'><strong>pomeraniae</strong></span> 
     </span>
     <span class='ocr_line' id='line_1_76' title="bbox 1151 2693 2138 2793; baseline 0.017 -28"><span class='ocrx_word' id='word_1_502' title='bbox 1151 2693 1310 2787; x_wconf 84' lang='lat' dir='ltr'><strong>Philippi</strong></span> <span class='ocrx_word' id='word_1_503' title='bbox 1334 2712 1399 2769; x_wconf 88' lang='lat' dir='ltr'><strong>etc.</strong></span> <span class='ocrx_word' id='word_1_504' title='bbox 1425 2698 1469 2765; x_wconf 93' lang='lat' dir='ltr'><strong>de</strong></span> <span class='ocrx_word' id='word_1_505' title='bbox 1498 2724 1568 2793; x_wconf 84' lang='lat' dir='ltr'><strong>qua</strong></span> <span class='ocrx_word' id='word_1_506' title='bbox 1594 2704 1894 2792; x_wconf 89' lang='lat' dir='ltr'><strong>supradiximus,</strong></span> <span class='ocrx_word' id='word_1_507' title='bbox 1923 2710 2044 2781; x_wconf 90' lang='lat' dir='ltr'><strong>amicis</strong></span> <span class='ocrx_word' id='word_1_508' title='bbox 2079 2713 2138 2781; x_wconf 89' lang='lat' dir='ltr'><strong>in·</strong></span> 
     </span>
     <span class='ocr_line' id='line_1_77' title="bbox 1151 2796 2138 2883; baseline 0.02 -19"><span class='ocrx_word' id='word_1_509' title='bbox 1151 2799 1337 2872; x_wconf 89' lang='lat' dir='ltr'><strong>scribebat.</strong></span> <span class='ocrx_word' id='word_1_510' title='bbox 1389 2796 1562 2870; x_wconf 86' lang='lat' dir='ltr'><strong>Fortassis</strong></span> <span class='ocrx_word' id='word_1_511' title='bbox 1578 2818 1694 2873; x_wconf 89' lang='lat' dir='ltr'><strong>autem</strong></span> <span class='ocrx_word' id='word_1_512' title='bbox 1715 2800 1780 2876; x_wconf 91' lang='lat' dir='ltr'><strong>hoc</strong></span> <span class='ocrx_word' id='word_1_513' title='bbox 1796 2810 1902 2878; x_wconf 89' lang='lat' dir='ltr'><strong>etiam</strong></span> <span class='ocrx_word' id='word_1_514' title='bbox 1924 2811 2017 2881; x_wconf 91' lang='lat' dir='ltr'><strong>iuter</strong></span> <span class='ocrx_word' id='word_1_515' title='bbox 2043 2815 2138 2883; x_wconf 68' lang='lat' dir='ltr'><strong>ormh</strong></span> 
     </span>
     <span class='ocr_line' id='line_1_78' title="bbox 1152 2900 2139 2985; baseline 0.019 -19"><span class='ocrx_word' id='word_1_516' title='bbox 1152 2923 1237 2968; x_wconf 89' lang='lat' dir='ltr'><strong>nosa</strong></span> <span class='ocrx_word' id='word_1_517' title='bbox 1253 2900 1476 2967; x_wconf 86' lang='lat' dir='ltr'><strong>referendum</strong></span> <span class='ocrx_word' id='word_1_518' title='bbox 1498 2918 1594 2972; x_wconf 88' lang='lat' dir='ltr'><strong>sexta</strong></span> <span class='ocrx_word' id='word_1_519' title='bbox 1615 2919 1697 2974; x_wconf 89' lang='lat' dir='ltr'><strong>ante</strong></span> <span class='ocrx_word' id='word_1_520' title='bbox 1718 2923 1868 2978; x_wconf 87' lang='lat' dir='ltr'><strong>mortem</strong></span> <span class='ocrx_word' id='word_1_521' title='bbox 1892 2912 1949 2981; x_wconf 87' lang='lat' dir='ltr'><strong>die</strong></span> <span class='ocrx_word' id='word_1_522' title='bbox 1971 2938 2051 2982; x_wconf 89' lang='lat' dir='ltr'><strong>eum</strong></span> <span class='ocrx_word' id='word_1_523' title='bbox 2078 2916 2139 2985; x_wconf 83' lang='lat' dir='ltr'><strong>fu-</strong></span> 
     </span>
     <span class='ocr_line' id='line_1_79' title="bbox 1151 3001 2136 3105; baseline 0.018 -37"><span class='ocrx_word' id='word_1_524' title='bbox 1151 3002 1277 3070; x_wconf 90' lang='lat' dir='ltr'><strong>nebres</strong></span> <span class='ocrx_word' id='word_1_525' title='bbox 1293 3001 1481 3070; x_wconf 87' lang='lat' dir='ltr'><strong>conciones</strong></span> <span class='ocrx_word' id='word_1_526' title='bbox 1497 3004 1700 3078; x_wconf 87' lang='lat' dir='ltr'><strong>inscribere.</strong></span> <span class='ocrx_word' id='word_1_527' title='bbox 1740 3007 1816 3078; x_wconf 87' lang='lat' dir='ltr'><strong>Sub</strong></span> <span class='ocrx_word' id='word_1_528' title='bbox 1832 3013 1867 3079; x_wconf 92' lang='lat' dir='ltr'><strong>id</strong></span> <span class='ocrx_word' id='word_1_529' title='bbox 1887 3024 2024 3105; x_wconf 87' lang='lat' dir='ltr'><strong>tempus</strong></span> <span class='ocrx_word' id='word_1_530' title='bbox 2040 3039 2136 3085; x_wconf 79' lang='lat' dir='ltr'><strong>nran-</strong></span> 
     </span>
     <span class='ocr_line' id='line_1_80' title="bbox 1149 3102 2134 3206; baseline 0.015 -35"><span class='ocrx_word' id='word_1_531' title='bbox 1149 3102 1309 3173; x_wconf 90' lang='lat' dir='ltr'><strong>ciabatur</strong></span> <span class='ocrx_word' id='word_1_532' title='bbox 1322 3104 1353 3171; x_wconf 89' lang='lat' dir='ltr'><strong>ei</strong></span> <span class='ocrx_word' id='word_1_533' title='bbox 1364 3104 1408 3170; x_wconf 90' lang='lat' dir='ltr'><strong>de</strong></span> <span class='ocrx_word' id='word_1_534' title='bbox 1426 3106 1610 3174; x_wconf 88' lang='lat' dir='ltr'><strong>conatibus</strong></span> <span class='ocrx_word' id='word_1_535' title='bbox 1626 3108 1903 3197; x_wconf 86' lang='lat' dir='ltr'><strong>malevolorum,</strong></span> <span class='ocrx_word' id='word_1_536' title='bbox 1929 3116 2061 3206; x_wconf 86' lang='lat' dir='ltr'><strong>quibus</strong></span> <span class='ocrx_word' id='word_1_537' title='bbox 2077 3117 2134 3185; x_wconf 77' lang='lat' dir='ltr'><strong>in-</strong></span> 
     </span>
     <span class='ocr_line' id='line_1_81' title="bbox 1148 3206 2140 3288; baseline 0.015 -16"><span class='ocrx_word' id='word_1_538' title='bbox 1148 3206 1321 3274; x_wconf 86' lang='lat' dir='ltr'><strong>sidiarum</strong></span> <span class='ocrx_word' id='word_1_539' title='bbox 1346 3219 1520 3275; x_wconf 89' lang='lat' dir='ltr'><strong>certarum</strong></span> <span class='ocrx_word' id='word_1_540' title='bbox 1542 3210 1738 3277; x_wconf 88' lang='lat' dir='ltr'><strong>tendiculas</strong></span> <span class='ocrx_word' id='word_1_541' title='bbox 1761 3212 1814 3279; x_wconf 90' lang='lat' dir='ltr'><strong>illi</strong></span> <span class='ocrx_word' id='word_1_542' title='bbox 1834 3230 2034 3288; x_wconf 82' lang='lat' dir='ltr'><strong>stntxerant</strong></span> <span class='ocrx_word' id='word_1_543' title='bbox 2058 3218 2140 3287; x_wconf 88' lang='lat' dir='ltr'><strong>cui--</strong></span> 
     </span>
     <span class='ocr_line' id='line_1_82' title="bbox 1149 3308 2133 3404; baseline 0.015 -29"><span class='ocrx_word' id='word_1_544' title='bbox 1149 3308 1248 3390; x_wconf 90' lang='lat' dir='ltr'><strong>dam,</strong></span> <span class='ocrx_word' id='word_1_545' title='bbox 1291 3332 1395 3399; x_wconf 85' lang='lat' dir='ltr'><strong>quern</strong></span> <span class='ocrx_word' id='word_1_546' title='bbox 1424 3331 1503 3376; x_wconf 89' lang='lat' dir='ltr'><strong>curn</strong></span> <span class='ocrx_word' id='word_1_547' title='bbox 1527 3308 1631 3378; x_wconf 80' lang='lat' dir='ltr'><strong>bon-is</strong></span> <span class='ocrx_word' id='word_1_548' title='bbox 1653 3311 1767 3380; x_wconf 86' lang='lat' dir='ltr'><strong>lacere</strong></span> <span class='ocrx_word' id='word_1_549' title='bbox 1787 3317 1940 3402; x_wconf 85' lang='lat' dir='ltr'><strong>graviter</strong></span> <span class='ocrx_word' id='word_1_550' title='bbox 1962 3318 2133 3404; x_wconf 84' lang='lat' dir='ltr'><strong>serebant,</strong></span> 
     </span>
     <span class='ocr_line' id='line_1_83' title="bbox 1147 3408 2139 3511; baseline 0.015 -36"><span class='ocrx_word' id='word_1_551' title='bbox 1147 3432 1237 3500; x_wconf 89' lang='lat' dir='ltr'><strong>quae</strong></span> <span class='ocrx_word' id='word_1_552' title='bbox 1253 3422 1374 3476; x_wconf 88' lang='lat' dir='ltr'><strong>tamen</strong></span> <span class='ocrx_word' id='word_1_553' title='bbox 1390 3408 1437 3477; x_wconf 91' lang='lat' dir='ltr'><strong>ita</strong></span> <span class='ocrx_word' id='word_1_554' title='bbox 1456 3411 1501 3476; x_wconf 90' lang='lat' dir='ltr'><strong>ab</strong></span> <span class='ocrx_word' id='word_1_555' title='bbox 1525 3410 1598 3478; x_wconf 88' lang='lat' dir='ltr'><strong>illis</strong></span> <span class='ocrx_word' id='word_1_556' title='bbox 1613 3414 1826 3500; x_wconf 85' lang='lat' dir='ltr'><strong>agebantur,</strong></span> <span class='ocrx_word' id='word_1_557' title='bbox 1853 3432 1889 3487; x_wconf 92' lang='lat' dir='ltr'><strong>nt</strong></span> <span class='ocrx_word' id='word_1_558' title='bbox 1915 3418 1989 3489; x_wconf 87' lang='lat' dir='ltr'><strong>risu</strong></span> <span class='ocrx_word' id='word_1_559' title='bbox 2012 3420 2139 3511; x_wconf 88' lang='lat' dir='ltr'><strong>potius-</strong></span> 
     </span>
     <span class='ocr_line' id='line_1_84' title="bbox 1147 3509 2131 3604; baseline 0.016 -29"><span class='ocrx_word' id='word_1_560' title='bbox 1147 3532 1253 3601; x_wconf 90' lang='lat' dir='ltr'><strong>quam</strong></span> <span class='ocrx_word' id='word_1_561' title='bbox 1278 3509 1403 3576; x_wconf 92' lang='lat' dir='ltr'><strong>dolore</strong></span> <span class='ocrx_word' id='word_1_562' title='bbox 1424 3509 1451 3575; x_wconf 89' lang='lat' dir='ltr'><strong>ii</strong></span> <span class='ocrx_word' id='word_1_563' title='bbox 1474 3526 1619 3579; x_wconf 89' lang='lat' dir='ltr'><strong>conatus</strong></span> <span class='ocrx_word' id='word_1_564' title='bbox 1644 3513 1742 3601; x_wconf 86' lang='lat' dir='ltr'><strong>dign-i</strong></span> <span class='ocrx_word' id='word_1_565' title='bbox 1768 3516 1992 3604; x_wconf 88' lang='lat' dir='ltr'><strong>viderentur,</strong></span> <span class='ocrx_word' id='word_1_566' title='bbox 2018 3536 2052 3591; x_wconf 91' lang='lat' dir='ltr'><strong>et</strong></span> <span class='ocrx_word' id='word_1_567' title='bbox 2073 3523 2131 3590; x_wconf 79' lang='lat' dir='ltr'><strong>in-</strong></span> 
     </span>
     <span class='ocr_line' id='line_1_85' title="bbox 1147 3602 2136 3695; baseline 0.017 -18"><span class='ocrx_word' id='word_1_568' title='bbox 1147 3608 1334 3695; x_wconf 81' lang='lat' dir='ltr'><strong>cogitantia</strong></span> <span class='ocrx_word' id='word_1_569' title='bbox 1352 3610 1569 3681; x_wconf 88' lang='lat' dir='ltr'><strong>crudeli-tatis</strong></span> <span class='ocrx_word' id='word_1_570' title='bbox 1590 3626 1623 3681; x_wconf 91' lang='lat' dir='ltr'><strong>et</strong></span> <span class='ocrx_word' id='word_1_571' title='bbox 1639 3602 1908 3690; x_wconf 81' lang='lat' dir='ltr'><strong>malevolentiae</strong></span> <span class='ocrx_word' id='word_1_572' title='bbox 1931 3621 2029 3691; x_wconf 90' lang='lat' dir='ltr'><strong>illius</strong></span> <span class='ocrx_word' id='word_1_573' title='bbox 2054 3648 2136 3693; x_wconf 85' lang='lat' dir='ltr'><strong>rna·</strong></span> 
     </span>
     <span class='ocr_line' id='line_1_86' title="bbox 1145 3710 2136 3817; baseline 0.016 -38"><span class='ocrx_word' id='word_1_574' title='bbox 1145 3710 1270 3781; x_wconf 86' lang='lat' dir='ltr'><strong>nilesta</strong></span> <span class='ocrx_word' id='word_1_575' title='bbox 1296 3712 1393 3781; x_wconf 89' lang='lat' dir='ltr'><strong>fieret</strong></span> <span class='ocrx_word' id='word_1_576' title='bbox 1421 3713 1587 3805; x_wconf 85' lang='lat' dir='ltr'><strong>omnibns</strong></span> <span class='ocrx_word' id='word_1_577' title='bbox 1611 3716 1674 3807; x_wconf 94' lang='lat' dir='ltr'><strong>qui</strong></span> <span class='ocrx_word' id='word_1_578' title='bbox 1697 3720 1874 3795; x_wconf 88' lang='lat' dir='ltr'><strong>audirent.</strong></span> <span class='ocrx_word' id='word_1_579' title='bbox 1927 3720 2049 3817; x_wconf 85' lang='lat' dir='ltr'><strong>ltaque</strong></span> <span class='ocrx_word' id='word_1_580' title='bbox 2074 3718 2136 3795; x_wconf 77' lang='lat' dir='ltr'><strong>r&#39;es</strong></span> 
     </span>
     <span class='ocr_line' id='line_1_87' title="bbox 1146 3811 2132 3906; baseline 0.013 -23"><span class='ocrx_word' id='word_1_581' title='bbox 1146 3828 1217 3883; x_wconf 86' lang='lat' dir='ltr'><strong>tota</strong></span> <span class='ocrx_word' id='word_1_582' title='bbox 1233 3814 1278 3883; x_wconf 92' lang='lat' dir='ltr'><strong>ab</strong></span> <span class='ocrx_word' id='word_1_583' title='bbox 1293 3813 1372 3906; x_wconf 89' lang='lat' dir='ltr'><strong>ipso</strong></span> <span class='ocrx_word' id='word_1_584' title='bbox 1387 3811 1491 3885; x_wconf 84' lang='lat' dir='ltr'><strong>etiarn</strong></span> <span class='ocrx_word' id='word_1_585' title='bbox 1510 3815 1702 3902; x_wconf 86' lang='lat' dir='ltr'><strong>ridebatur,</strong></span> <span class='ocrx_word' id='word_1_586' title='bbox 1723 3822 1799 3889; x_wconf 88' lang='lat' dir='ltr'><strong>sine</strong></span> <span class='ocrx_word' id='word_1_587' title='bbox 1818 3824 1890 3893; x_wconf 89' lang='lat' dir='ltr'><strong>ulla</strong></span> <span class='ocrx_word' id='word_1_588' title='bbox 1907 3824 2022 3895; x_wconf 79' lang='lat' dir='ltr'><strong>arrirni</strong></span> <span class='ocrx_word' id='word_1_589' title='bbox 2033 3851 2132 3896; x_wconf 55' lang='lat' dir='ltr'><strong>coma</strong></span> 
     </span>
     <span class='ocr_line' id='line_1_88' title="bbox 1144 3914 2136 4016; baseline 0.015 -33"><span class='ocrx_word' id='word_1_590' title='bbox 1144 3916 1313 3985; x_wconf 90' lang='lat' dir='ltr'><strong>motione.</strong></span> <span class='ocrx_word' id='word_1_591' title='bbox 1366 3914 1493 3987; x_wconf 90' lang='lat' dir='ltr'><strong>Sedet</strong></span> <span class='ocrx_word' id='word_1_592' title='bbox 1517 3920 1685 4009; x_wconf 87' lang='lat' dir='ltr'><strong>temporis</strong></span> <span class='ocrx_word' id='word_1_593' title='bbox 1709 3924 1846 3993; x_wconf 88' lang='lat' dir='ltr'><strong>ratione</strong></span> <span class='ocrx_word' id='word_1_594' title='bbox 1869 3926 1916 3996; x_wconf 87' lang='lat' dir='ltr'><strong>ita</strong></span> <span class='ocrx_word' id='word_1_595' title='bbox 1941 3928 2136 4016; x_wconf 84' lang='lat' dir='ltr'><strong>flagitante,</strong></span> 
     </span>
     <span class='ocr_line' id='line_1_89' title="bbox 1144 4019 2129 4109; baseline 0.016 -25"><span class='ocrx_word' id='word_1_596' title='bbox 1144 4030 1178 4085; x_wconf 90' lang='lat' dir='ltr'><strong>et</strong></span> <span class='ocrx_word' id='word_1_597' title='bbox 1194 4020 1289 4109; x_wconf 89' lang='lat' dir='ltr'><strong>quod</strong></span> <span class='ocrx_word' id='word_1_598' title='bbox 1307 4019 1351 4086; x_wconf 90' lang='lat' dir='ltr'><strong>ad</strong></span> <span class='ocrx_word' id='word_1_599' title='bbox 1365 4020 1480 4087; x_wconf 88' lang='lat' dir='ltr'><strong>altare</strong></span> <span class='ocrx_word' id='word_1_600' title='bbox 1490 4042 1587 4088; x_wconf 90' lang='lat' dir='ltr'><strong>more</strong></span> <span class='ocrx_word' id='word_1_601' title='bbox 1605 4022 1746 4090; x_wconf 89' lang='lat' dir='ltr'><strong>solenni</strong></span> <span class='ocrx_word' id='word_1_602' title='bbox 1761 4048 1889 4096; x_wconf 88' lang='lat' dir='ltr'><strong>munus</strong></span> <span class='ocrx_word' id='word_1_603' title='bbox 1913 4052 1953 4097; x_wconf 90' lang='lat' dir='ltr'><strong>ea</strong></span> <span class='ocrx_word' id='word_1_604' title='bbox 1967 4029 2025 4099; x_wconf 90' lang='lat' dir='ltr'><strong>die</strong></span> <span class='ocrx_word' id='word_1_605' title='bbox 2040 4028 2129 4099; x_wconf 59' lang='lat' dir='ltr'><strong>offe*</strong></span> 
     </span>
     <span class='ocr_line' id='line_1_90' title="bbox 1144 4118 2131 4213; baseline 0.013 -27"><span class='ocrx_word' id='word_1_606' title='bbox 1144 4119 1295 4187; x_wconf 87' lang='lat' dir='ltr'><strong>rendum</strong></span> <span class='ocrx_word' id='word_1_607' title='bbox 1316 4132 1405 4189; x_wconf 87' lang='lat' dir='ltr'><strong>esset</strong></span> <span class='ocrx_word' id='word_1_608' title='bbox 1426 4118 1465 4189; x_wconf 89' lang='lat' dir='ltr'><strong>in</strong></span> <span class='ocrx_word' id='word_1_609' title='bbox 1486 4120 1678 4210; x_wconf 84' lang='lat' dir='ltr'><strong>templum,</strong></span> <span class='ocrx_word' id='word_1_610' title='bbox 1703 4125 1860 4195; x_wconf 87' lang='lat' dir='ltr'><strong>abiicere</strong></span> <span class='ocrx_word' id='word_1_611' title='bbox 1871 4130 2018 4213; x_wconf 85' lang='lat' dir='ltr'><strong>caeteri,</strong></span> <span class='ocrx_word' id='word_1_612' title='bbox 2042 4129 2131 4200; x_wconf 65' lang='lat' dir='ltr'><strong>reli-</strong></span> 
     </span>
     <span class='ocr_line' id='line_1_91' title="bbox 1143 4220 2134 4312; baseline 0.015 -24"><span class='ocrx_word' id='word_1_613' title='bbox 1143 4234 1200 4289; x_wconf 91' lang='lat' dir='ltr'><strong>cto</strong></span> <span class='ocrx_word' id='word_1_614' title='bbox 1238 4220 1333 4312; x_wconf 90' lang='lat' dir='ltr'><strong>apud</strong></span> <span class='ocrx_word' id='word_1_615' title='bbox 1381 4235 1642 4312; x_wconf 86' lang='lat' dir='ltr'><strong>praeceptorem</strong></span> <span class='ocrx_word' id='word_1_616' title='bbox 1692 4220 1878 4299; x_wconf 85' lang='lat' dir='ltr'><strong>lnachimo</strong></span> <span class='ocrx_word' id='word_1_617' title='bbox 1914 4228 2134 4303; x_wconf 71' lang='lat' dir='ltr'><strong>Carnerariu,</strong></span> 
     </span>
     <span class='ocr_line' id='line_1_92' title="bbox 1143 4318 2134 4423; baseline 0.014 -34"><span class='ocrx_word' id='word_1_618' title='bbox 1143 4318 1281 4392; x_wconf 79' lang='lat' dir='ltr'><strong>luterea</strong></span> <span class='ocrx_word' id='word_1_619' title='bbox 1305 4323 1387 4392; x_wconf 90' lang='lat' dir='ltr'><strong>illae</strong></span> <span class='ocrx_word' id='word_1_620' title='bbox 1410 4320 1665 4392; x_wconf 80' lang='lat' dir='ltr'><strong>Ponaerauicae</strong></span> <span class='ocrx_word' id='word_1_621' title='bbox 1685 4349 1703 4393; x_wconf 90' lang='lat' dir='ltr'><strong>a</strong></span> <span class='ocrx_word' id='word_1_622' title='bbox 1728 4322 1899 4421; x_wconf 89' lang='lat' dir='ltr'><strong>Philippo</strong></span> <span class='ocrx_word' id='word_1_623' title='bbox 1919 4331 2134 4423; x_wconf 82' lang='lat' dir='ltr'><strong>scriptiones</strong></span> 
     </span>
     <span class='ocr_line' id='line_1_93' title="bbox 1141 4425 1921 4515; baseline 0.012 -23"><span class='ocrx_word' id='word_1_624' title='bbox 1141 4425 1312 4515; x_wconf 86' lang='lat' dir='ltr'><strong>perlectae</strong></span> <span class='ocrx_word' id='word_1_625' title='bbox 1329 4426 1445 4509; x_wconf 87' lang='lat' dir='ltr'><strong>luere,</strong></span> <span class='ocrx_word' id='word_1_626' title='bbox 1471 4438 1504 4493; x_wconf 91' lang='lat' dir='ltr'><strong>et</strong></span> <span class='ocrx_word' id='word_1_627' title='bbox 1520 4425 1730 4496; x_wconf 86' lang='lat' dir='ltr'><strong>tabellarius</strong></span> <span class='ocrx_word' id='word_1_628' title='bbox 1741 4430 1921 4501; x_wconf 84' lang='lat' dir='ltr'><strong>dimissus.</strong></span> 
     </span>
    </p>
   </div>
   <div class='ocr_carea' id='block_1_7' title="bbox 1140 4586 2131 5194">
    <p class='ocr_par' dir='ltr' id='par_1_8' title="bbox 1140 4586 2131 5194">
     <span class='ocr_line' id='line_1_94' title="bbox 1242 4586 2130 4683; baseline 0.024 -27"><span class='ocrx_word' id='word_1_629' title='bbox 1242 4586 1367 4657; x_wconf 82' lang='lat' dir='ltr'><strong>Postea</strong></span> <span class='ocrx_word' id='word_1_630' title='bbox 1385 4588 1530 4678; x_wconf 82' lang='lat' dir='ltr'><strong>prandii</strong></span> <span class='ocrx_word' id='word_1_631' title='bbox 1541 4602 1716 4683; x_wconf 80' lang='lat' dir='ltr'><strong>tempore,</strong></span> <span class='ocrx_word' id='word_1_632' title='bbox 1741 4618 1826 4661; x_wconf 79' lang='lat' dir='ltr'><strong>crrrn</strong></span> <span class='ocrx_word' id='word_1_633' title='bbox 1838 4598 1879 4663; x_wconf 92' lang='lat' dir='ltr'><strong>ad</strong></span> <span class='ocrx_word' id='word_1_634' title='bbox 1898 4592 1967 4667; x_wconf 88' lang='lat' dir='ltr'><strong>hoc</strong></span> <span class='ocrx_word' id='word_1_635' title='bbox 1981 4602 2130 4675; x_wconf 80' lang='lat' dir='ltr'><strong>deseen-</strong></span> 
     </span>
     <span class='ocr_line' id='line_1_95' title="bbox 1141 4690 2130 4783; baseline 0.017 -22"><span class='ocrx_word' id='word_1_636' title='bbox 1141 4690 1268 4774; x_wconf 86' lang='lat' dir='ltr'><strong>disset,</strong></span> <span class='ocrx_word' id='word_1_637' title='bbox 1289 4704 1324 4759; x_wconf 93' lang='lat' dir='ltr'><strong>et</strong></span> <span class='ocrx_word' id='word_1_638' title='bbox 1337 4690 1395 4757; x_wconf 89' lang='lat' dir='ltr'><strong>vix</strong></span> <span class='ocrx_word' id='word_1_639' title='bbox 1410 4690 1479 4758; x_wconf 88' lang='lat' dir='ltr'><strong>iam</strong></span> <span class='ocrx_word' id='word_1_640' title='bbox 1497 4714 1638 4761; x_wconf 84' lang='lat' dir='ltr'><strong>mensae</strong></span> <span class='ocrx_word' id='word_1_641' title='bbox 1661 4696 1901 4783; x_wconf 82' lang='lat' dir='ltr'><strong>accubuisset,</strong></span> <span class='ocrx_word' id='word_1_642' title='bbox 1922 4702 2080 4775; x_wconf 83' lang='lat' dir='ltr'><strong>tormina</strong></span> <span class='ocrx_word' id='word_1_643' title='bbox 2092 4708 2130 4777; x_wconf 88' lang='lat' dir='ltr'><strong>ei</strong></span> 
     </span>
     <span class='ocr_line' id='line_1_96' title="bbox 1140 4792 2131 4887; baseline 0.018 -27"><span class='ocrx_word' id='word_1_644' title='bbox 1140 4792 1285 4861; x_wconf 89' lang='lat' dir='ltr'><strong>molesta</strong></span> <span class='ocrx_word' id='word_1_645' title='bbox 1305 4793 1423 4875; x_wconf 83' lang='lat' dir='ltr'><strong>luere,</strong></span> <span class='ocrx_word' id='word_1_646' title='bbox 1446 4804 1485 4859; x_wconf 94' lang='lat' dir='ltr'><strong>ut</strong></span> <span class='ocrx_word' id='word_1_647' title='bbox 1508 4797 1668 4861; x_wconf 85' lang='lat' dir='ltr'><strong>secedere</strong></span> <span class='ocrx_word' id='word_1_648' title='bbox 1690 4818 1827 4865; x_wconf 84' lang='lat' dir='ltr'><strong>necesse</strong></span> <span class='ocrx_word' id='word_1_649' title='bbox 1855 4794 2025 4887; x_wconf 79' lang='lat' dir='ltr'><strong>baberet.</strong></span> <span class='ocrx_word' id='word_1_650' title='bbox 2043 4832 2131 4879; x_wconf 75' lang='lat' dir='ltr'><strong>mon</strong></span> 
     </span>
     <span class='ocr_line' id='line_1_97' title="bbox 1140 4892 2129 4994; baseline 0.013 -30"><span class='ocrx_word' id='word_1_651' title='bbox 1140 4916 1321 4977; x_wconf 87' lang='lat' dir='ltr'><strong>reversus,</strong></span> <span class='ocrx_word' id='word_1_652' title='bbox 1345 4892 1497 4982; x_wconf 80' lang='lat' dir='ltr'><strong>gustavit</strong></span> <span class='ocrx_word' id='word_1_653' title='bbox 1518 4894 1652 4985; x_wconf 87' lang='lat' dir='ltr'><strong>aliquid</strong></span> <span class='ocrx_word' id='word_1_654' title='bbox 1677 4896 1720 4963; x_wconf 90' lang='lat' dir='ltr'><strong>d&#39;e</strong></span> <span class='ocrx_word' id='word_1_655' title='bbox 1743 4899 1857 4987; x_wconf 83' lang='lat' dir='ltr'><strong>gallo,</strong></span> <span class='ocrx_word' id='word_1_656' title='bbox 1880 4928 1986 4994; x_wconf 88' lang='lat' dir='ltr'><strong>quem</strong></span> <span class='ocrx_word' id='word_1_657' title='bbox 2012 4910 2129 4980; x_wconf 86' lang='lat' dir='ltr'><strong>nostri</strong></span> 
     </span>
     <span class='ocr_line' id='line_1_98' title="bbox 1140 4992 2128 5097; baseline 0.017 -33"><span class='ocrx_word' id='word_1_658' title='bbox 1140 4992 1336 5065; x_wconf 75' lang='lat' dir='ltr'><strong>hominess</strong></span> <span class='ocrx_word' id='word_1_659' title='bbox 1354 4995 1474 5064; x_wconf 88' lang='lat' dir='ltr'><strong>betula</strong></span> <span class='ocrx_word' id='word_1_660' title='bbox 1489 4994 1759 5085; x_wconf 83' lang='lat' dir='ltr'><strong>cognominant,</strong></span> <span class='ocrx_word' id='word_1_661' title='bbox 1786 5018 1868 5073; x_wconf 81' lang='lat' dir='ltr'><strong>suar-t</strong></span> <span class='ocrx_word' id='word_1_662' title='bbox 1883 5006 1943 5096; x_wconf 85' lang='lat' dir='ltr'><strong>qui</strong></span> <span class='ocrx_word' id='word_1_663' title='bbox 1965 5020 2128 5097; x_wconf 81' lang='lat' dir='ltr'><strong>attageua</strong></span> 
     </span>
     <span class='ocr_line' id='line_1_99' title="bbox 1140 5107 2128 5194; baseline 0.016 -29"><span class='ocrx_word' id='word_1_664' title='bbox 1140 5112 1302 5167; x_wconf 74' lang='lat' dir='ltr'><strong>veterum</strong></span> <span class='ocrx_word' id='word_1_665' title='bbox 1317 5118 1390 5165; x_wconf 86' lang='lat' dir='ltr'><strong>esse</strong></span> <span class='ocrx_word' id='word_1_666' title='bbox 1407 5110 1552 5187; x_wconf 85' lang='lat' dir='ltr'><strong>putent,</strong></span> <span class='ocrx_word' id='word_1_667' title='bbox 1577 5121 1682 5190; x_wconf 84' lang='lat' dir='ltr'><strong>quem</strong></span> <span class='ocrx_word' id='word_1_668' title='bbox 1699 5124 1770 5169; x_wconf 84' lang='lat' dir='ltr'><strong>nna</strong></span> <span class='ocrx_word' id='word_1_669' title='bbox 1788 5128 1866 5173; x_wconf 89' lang='lat' dir='ltr'><strong>cum</strong></span> <span class='ocrx_word' id='word_1_670' title='bbox 1881 5107 2013 5194; x_wconf 87' lang='lat' dir='ltr'><strong>gallina</strong></span> <span class='ocrx_word' id='word_1_671' title='bbox 2029 5111 2128 5180; x_wconf 68' lang='lat' dir='ltr'><strong>eitra-</strong></span> 
     </span>
    </p>
   </div>
   <div class='ocr_carea' id='block_1_8' title="bbox 1175 5324 1776 5435">
    <p class='ocr_par' dir='ltr' id='par_1_9' title="bbox 1175 5324 1776 5435">
     <span class='ocr_line' id='line_1_100' title="bbox 1175 5324 1776 5435; baseline 0.003 -14"><span class='ocrx_word' id='word_1_672' title='bbox 1175 5364 1205 5435; x_wconf 72' lang='lat'><strong>9)</strong></span> <span class='ocrx_word' id='word_1_673' title='bbox 1224 5366 1341 5421; x_wconf 74' lang='lat' dir='ltr'><strong>minim</strong></span> <span class='ocrx_word' id='word_1_674' title='bbox 1352 5368 1516 5432; x_wconf 62' lang='lat' dir='ltr'><strong>aalma}</strong></span> <span class='ocrx_word' id='word_1_675' title='bbox 1528 5324 1584 5424; x_wconf 77' lang='lat' dir='ltr'><strong>Ed.</strong></span> <span class='ocrx_word' id='word_1_676' title='bbox 1595 5368 1625 5425; x_wconf 81' lang='lat' dir='ltr'><strong>l.</strong></span> <span class='ocrx_word' id='word_1_677' title='bbox 1639 5368 1776 5424; x_wconf 70' lang='lat' dir='ltr'><strong>mbr&#39;m</strong></span> 
     </span>
    </p>
   </div>
   <div class='ocr_carea' id='block_1_9' title="bbox 0 0 2278 5760">
    <p class='ocr_par' dir='ltr' id='par_1_10' title="bbox 0 0 2278 5760">
     <span class='ocr_line' id='line_1_101' title="bbox 0 0 2278 5760; baseline 0 10"><span class='ocrx_word' id='word_1_678' title='bbox 0 0 2278 5760; x_wconf 95' lang='lat' dir='ltr'><strong> </strong></span> 
     </span>
    </p>
   </div>
  </div>
 </body>
</html>
