4546 5760
111 189 187 264 444
678 179 1104 279 4444444444
1156 178 1564 304 4444444444
1935 236 1938 240 4
2068 186 2139 265 444

114 365 303 446 dederent,
328 383 365 430 44
379 361 521 432 turbam
536 362 636 432 illam
650 359 842 430 mulierum
857 372 892 429 et
908 380 1101 451 puerorum
1151 372 1291 442 ament,
1317 381 1469 452 quarum
1489 357 1646 450 cognitio
1671 372 1766 431 certe
1789 359 1904 433 lucem
1920 362 2048 436 multis
2064 382 2142 452 grs-

116 466 389 536 interiectnrum
414 485 499 536 esse.
559 463 616 535 lbi
636 463 776 555 sapiens
798 458 877 534 Rex
900 461 1101 553 respondit:
1151 459 1306 531 vissimis
1337 462 1494 534 materiis
1519 463 1646 531 adfert.
1706 460 1886 536 Viderunt
1909 461 2141 557 Moscopnlus

116 562 214 639 Mihi
230 589 313 635 vero
337 566 545 659 nequidem
570 565 944 654 universumregnnm
960 561 1103 655 Neapo-
1152 558 1418 655 etPhilelphus,
1434 557 1615 659 npdccum
1625 561 1837 635 Accusativo
1852 591 1927 635 non
1943 590 2019 638 csse
2036 567 2141 660 apud,

116 670 268 740 litanum
293 667 384 739 tanti
408 680 477 754 444,
500 681 540 738 44
561 668 626 738 tali
647 666 869 738 crudelitatis
890 665 1005 757 specie
1022 665 1104 734 444·1
1152 667 1211 735 4441
1229 687 1311 734 curn
1330 661 1483 752 Dativo,
1507 677 1548 736 ut
1561 660 1656 762 πρὸς
1667 669 1751 747 ταῖς
1764 663 1917 756 πύλαις,
1944 669 2044 740 iuxta
2059 692 2141 760 por·

117 795 195 843 cere
213 770 334 841 velim.
385 765 440 840 Ac
455 794 537 840 mox
554 771 653 841 dedit
668 771 855 851 mandata,
881 782 923 840 ut
937 768 993 837 illi
1008 768 1104 838 mul·
1152 781 1225 853 tas,
1262 769 1358 859 apud
1380 763 1644 863 Thucydidem.
1701 765 1750 840 Et
1769 793 1907 862 semper
1934 771 1986 842 444
2014 767 2142 843 Graeci

117 873 266 945 titudini
280 886 500 964 parceretur,
525 886 561 943 et
576 871 678 942 iussit
694 896 770 941 eom
793 871 832 940 in
848 870 975 942 vicinis
999 870 1105 962 oppi-
1152 873 1363 963 loquuntur.
1416 869 1563 962 Semper
1576 869 1684 940 444444
1705 895 1788 941 cum
1803 871 2018 945 Accusativo
2037 872 2142 944 intel·

118 977 175 1046 dis
188 971 413 1066 hospitaliter
425 974 550 1067 excipi.
601 972 698 1044 Vicit
719 967 808 1044 14444
831 972 1020 1044 admiratio
1047 973 1105 1042 iu·
1154 973 1271 1062 ligunt
1296 965 1371 1045 Ad.
1420 969 1469 1043 Et
1484 973 1629 1066 quidem
1651 995 1754 1065 saepe
1770 979 1815 1044 de
1836 976 2018 1071 colloquio
2040 999 2143 1046 4444-
2186 1012 2188 1021 ·

14 3339 16 3343 ·
136 3311 202 3384 Νο.
218 3310 284 3384 26.

118 1079 239 1149 stiriae
254 1077 456 1148 defensores
469 1076 610 1170 oppidi,
632 1078 768 1167 patres,
782 1074 950 1161 maritos,
975 1097 1106 1164 cogna-

119 1195 175 1252 tos
197 1178 296 1248 illius
316 1179 460 1266 turbae,
486 1202 566 1250 cum
591 1178 826 1272 lacrymantes
848 1180 894 1248 de
917 1178 1108 1248 moenibus

120 1293 318 1375 spectarent
339 1273 408 1350 hoc
431 1304 578 1372 agmen,
603 1294 639 1351 et
659 1279 899 1371 intelligerent
917 1277 1028 1370 Regis
1050 1279 1106 1349 iu·

120 1384 277 1468 sticiam,
311 1406 352 1452 44
375 1384 493 1453 statim
513 1384 604 1454 44444
628 1394 679 1452 444
701 1381 850 1455 deditio.
902 1377 999 1452 Haec
1021 1381 1109 1471 belli

119 1485 198 1557 iura
214 1484 449 1557 consideravit
457 1483 605 1577 Sparta,
625 1508 705 1554 cum
720 1485 873 1555 absolvit
881 1478 1109 1569 Anaxileum,

120 1589 184 1683 qui
199 1587 342 1681 publice
356 1601 536 1658 accusatus
549 1587 639 1666 4444,
666 1588 762 1683 quod
779 1584 937 1657 Bizantii
954 1586 1108 1656 deditio-

120 1715 203 1771 nem
220 1689 368 1760 fecisset.
948 1739 951 1745 ·

221 1790 312 1864 Cum
328 1789 424 1861 enim
440 1789 575 1860 iudices
590 1791 774 1876 audirent,
800 1814 881 1861 eum
898 1815 972 1859 non
985 1791 1109 1862 fraude

124 1894 248 1964 fecisse
270 1893 509 1977 deditionem,
542 1894 603 1963 sed
624 1906 762 1962 motum
787 1893 879 1962 tristi
909 1893 1108 1986 spectaculo

122 1997 318 2067 multorum
335 1996 428 2065 44444
443 1994 694 2080 morientium,
721 1994 1008 2087 pronunciarunt
1019 2018 1108 2064 eum

123 2098 216 2169 iuste
237 2097 377 2180 4444444,
403 2096 487 2190 quia
507 2096 682 2189 tantisper
701 2097 909 2168 (1444444444
934 2099 1109 2169 utendum

83 2203 100 2225 ²
124 2201 188 2285 444,
212 2202 326 2270 donec
342 2198 477 2269 bellum
495 2214 547 2272 444
563 2224 643 2268 cum
659 2194 840 2296 hostilius,
866 2223 940 2270 non
962 2222 1041 2269 cnm
1058 2199 1108 2268 ci-

123 2303 248 2388 vibus,
274 2315 309 2372 et
324 2325 405 2371 cum
418 2312 544 2370 natura
563 2296 761 2376 hominum.
809 2296 888 2372 Etsi
906 2301 1014 2391 igitur
1022 2299 1111 2371 Per-

123 2404 187 2474 sici
202 2402 318 2495 Reges
335 2398 466 2496 Bogen
481 2402 692 2484 laudarunt,
721 2417 755 2474 et
781 2403 930 2495 posteris
954 2403 1112 2496 praemia

123 2506 346 2586 tribuerunt,
371 2506 466 2599 quod
485 2507 627 2591 urbem,
656 2505 712 2575 cui
726 2507 946 2598 praefuerat,
966 2506 1111 2576 maluis-

123 2622 176 2679 set
198 2608 406 2692 incendere,
436 2608 531 2677 4444
555 2633 595 2679 ea
617 2607 819 2679 universam
842 2607 1111 2679 multitudinem

123 2706 307 2780 hominem
328 2725 364 2780 44
385 2733 459 2779 4444
490 2709 643 2780 flammis
664 2712 835 2801 perdere,
869 2733 975 2804 quam
999 2710 1113 2781 444444

125 2812 362 2899 deditionem,
386 2824 505 2880 tamen
522 2809 691 2905 Spartani
705 2811 832 2884 iudicii
855 2811 1028 2884 sententia
1046 2808 1114 2885 ho-

125 2915 260 2986 nestior
275 2927 336 2988 est.
387 2912 504 2988 Dixi:

879 3318 928 3382 ³1.
941 3315 1005 3380 144.
1018 3314 1113 3380 4544.

125 3406 296 3435 m
889 3410 1103 3446 Μ

202 3521 234 3579 14
245 3521 406 3596 Quaestion.
417 3542 444 3595 p.
461 3519 518 3576 dib
533 3539 575 3594 sq.
594 3530 620 3576 44
636 3521 665 3577 44
679 3521 786 3578 Consil.
802 3521 871 3579 Mel.
885 3521 917 3577 P.
931 3522 952 3581 l.
965 3538 993 3592 p.
1005 3520 1064 3578 ⁵77.

28 3749 30 3752 Α
128 3682 329 3767 Quaestio,
354 3680 672 3781 recitataqMop.
698 3678 1007 3776 Siyismoodo
1031 3683 1117 3753 Ge-

229 3785 325 3872 144,
354 3785 528 3878 Unyoro,
555 3778 592 3852 d.
617 3779 681 3880 411.
704 3786 862 3854 lassor.
891 3779 1002 3857 1544.

119 3894 223 4006 ‘Non
245 3931 381 4021 ingenii
403 3944 466 4003 aut
487 3929 670 4002 doctrinae
687 3930 837 4013 fiducia,
863 3925 927 4001 has
947 3926 1038 4001 mihi
1059 3931 1116 4000 di-

129 4035 232 4105 cendi
259 4048 375 4126 partes
395 4057 519 4120 sumo,
551 4035 611 4104 sed
632 4046 673 4105 ut
695 4027 954 4105 honestissimis
978 4029 1116 4104 Acade-

1154 1088 1260 1167 pant,
1294 1089 1336 1147 ut
1361 1069 1583 1166 Xenophout
1616 1069 1836 1174 διαλέγομαι
1864 1070 1957 1174 πρός
1986 1098 2042 1151 ne.
2099 1072 2145 1148 Et
2185 1088 2188 1095 '

1156 1172 1406 1273 Thucydides:
1428 1169 1565 1275 ’λόγους
1586 1174 1783 1250 ἐποιοῦντο
1807 1174 1900 1274 πρὸς
1919 1175 2009 1261 τοὺς
2031 1200 2143 1275 mpo-
2186 1212 2188 1217 ·

1154 1275 1305 1378 rqyodc.
1343 1276 1576 1372 Moscopulus
1592 1278 1703 1369 igitur
1718 1284 1877 1373 quaerit,
1892 1283 2030 1353 4141444
2042 1280 2145 1352 losn-

1156 1381 1233 1468 nis,
1266 1381 1352 1477 quid
1375 1381 1421 1451 sit
1444 1375 1536 1477 πρὸς
1556 1376 1625 1453 τὸν
1648 1377 1755 1455 θεὸν.
1807 1381 1856 1455 Et
1880 1385 2145 1478 interpretatur,
2185 1402 2188 1449 f

1157 1488 1353 1554 secundum
1377 1479 1506 1558 Deum.
1557 1483 1612 1556 Ac
1642 1481 1837 1554 Iohannem
1871 1487 1922 1556 sic
1955 1487 2144 1581 loquutuni
2186 1490 2188 1535 ἱ

1157 1608 1251 1667 4444,
1278 1585 1473 1671 existimat,
1497 1597 1537 1655 nt
1561 1586 1792 1675 significaret,
1817 1581 1932 1686 λόγον
1954 1610 2031 1658 esse
2058 1588 2145 1658 ima-

1157 1687 1275 1778 ginem
1290 1688 1425 1758 aeterni
1443 1688 1562 1780 patris.
1607 1687 1699 1757 Nam
1714 1712 1816 1781 saepe
1825 1686 1933 1786 Πρὸς
1948 1713 2031 1761 cnm
2046 1713 2145 1760 aceu-

1158 1791 1271 1861 sativo
1289 1789 1461 1880 significat
1484 1790 1756 1876 convenienter,
1783 1805 1819 1862 44
1834 1795 1929 1886 apud
1945 1793 2145 1873 Isocratem,

1161 1894 1245 1963 darc
1266 1892 1423 1985 praemia
1448 1885 1540 1986 πρὸς
1554 1887 1598 1963 τὸ
1615 1897 1816 1989 προσῆκον.
1869 1891 1918 1965 Et
1938 1896 2037 1987 apud
2060 1893 2143 1966 Ari-

1160 1995 1337 2065 stotelem:
1380 1991 1512 2066 Civitas
1535 1994 1642 2066 situm
1667 1990 1797 2066 habeat
1819 1992 1913 2092 πρὸς
1934 1991 2078 2091 αὐτὴν,
2111 1995 2143 2063 44

1160 2108 1227 2182 444,
1242 2095 1534 2182 convenientem,
1551 2119 1616 2186 pro
1631 2092 1741 2168 κατὰ.
1770 2096 1853 2168 Non
1866 2099 2034 2192 vitupero
2050 2097 2145 2191 equi·

1160 2201 1240 2268 dem
1257 2193 1350 2270 hanc
1363 2195 1566 2290 Moscopnli
1591 2198 1942 2291 interpretationem,
1969 2200 2047 2270 imo
2062 2199 2144 2270 dili·

1160 2300 1315 2390 gentiam
1329 2299 1457 2386 laudo,
1483 2301 1579 2393 quod
1603 2324 1684 2371 curn
1702 2301 1837 2375 videret
1859 2303 1899 2370 in
1915 2300 2068 2397 Syntaxi
2093 2302 2141 2371 14-

1161 2418 1233 2474 4444
1258 2402 1394 2496 aliquid
1416 2403 1554 2487 arcani,
1580 2404 1818 2495 quaerendam
1843 2428 1917 2475 4444
1940 2418 2075 2476 certam
2101 2404 2145 2474 si·

1163 2504 1425 2596 gnificationem
1442 2504 1591 2580 censuit.

1265 2600 1496 2698 Philelphum
1512 2606 1617 2698 plane
1630 2605 1764 2691 reiicio,
1780 2608 1843 2700 qui
1859 2609 1948 2678 duas
1963 2621 2144 2700 corrupte·

1162 2710 1213 2780 las
1239 2707 1279 2777 in
1303 2702 1372 2779 hoc
1394 2720 1491 2779 textu
1507 2707 1800 2779 comminiscitur.
1850 2706 1995 2781 Mavult
2013 2703 2144 2810 Λόγον
2186 2768 2188 2775 .

1162 2810 1254 2882 44444
1269 2811 1462 2896 rationem,
1485 2823 1519 2881 44
1539 2804 1634 2905 πρὸς
1656 2810 1912 2902 interpretatur
1933 2835 2056 2903 penes.
2086 2807 2146 2905 'Et
2186 2834 2188 2913 j

1162 2914 1310 2983 verbum
1343 2927 1416 2983 erat
1439 2935 1547 3003 penes
1569 2910 1707 2999 Deum,
1739 2912 1776 2982 id
1805 2925 1875 2998 est,
1908 2913 1949 2983 in
1979 2927 2145 3008 potestate

1163 3016 1247 3099 Dei,
1272 3027 1314 3086 44
1331 3014 1498 3085 dicimus:
1524 3012 1635 3085 Liber
1654 3027 1708 3084 est
1725 3037 1833 3107 penes
1850 3038 1928 3099 me,
1952 3015 1993 3086 id
2011 3030 2084 3102 est,
2108 3016 2143 3085 in

1164 3129 1333 3210 potestate
1358 3139 1447 3189 mes.
1506 3113 1587 3210 Non
1612 3115 1940 3210 interpretationem
1965 3113 2062 3208 hanc
2085 3119 2145 3188 sd·

1163 3218 1287 3305 mitto,
1314 3233 1350 3292 et
1365 3219 1528 3310 vitupero
1546 3219 1742 3293 audaciam.
1795 3217 1943 3292 Constat
1959 3218 2080 3307 enirn,
2094 3217 2144 3290 to·
2186 3266 2188 3283 ι

1165 3315 1320 3392 hannem
1338 3320 1471 3391 intueri
1489 3320 1644 3413 primum
1661 3332 1767 3413 eaput
1779 3319 1921 3419 Moysi,
1946 3318 2081 3393 deDeo
2096 3322 2144 3392 lo-

1165 3436 1305 3518 quente.
1360 3422 1443 3495 Non
1475 3421 1586 3512 igitur
1606 3419 1818 3508 Rationem,
1851 3425 1915 3493 sed
1938 3421 2143 3496 Sermonem

1164 3548 1228 3597 sen
1249 3526 1399 3596 verbum
1422 3525 1538 3596 441444
1555 3525 1727 3615 intelligi,
1751 3548 1833 3595 eum
1853 3526 1921 3596 ait:
1949 3523 1993 3598 ln
2015 3525 2144 3621 prind-

1165 3628 1226 3721 pio
1252 3640 1328 3698 4444
1351 3617 1468 3726 λόγος.
1525 3619 1576 3698 Ε4
1595 3629 1640 3697 414
1666 3625 1822 3698 Persona
1850 3628 1965 3719 magis
1985 3627 2144 3720 congruit

1166 3723 1298 3826 Apud,
1324 3752 1432 3823 quam
1458 3721 1585 3805 Penes.
1634 3727 1709 3801 Nec
1723 3752 1874 3823 usquam
1890 3727 2043 3803 Graecis
2063 3725 2147 3828 aspis
2182 3734 2188 3741 ’

1166 3832 1340 3924 significat
1359 3832 1473 3916 idem,
1496 3831 1592 3926 qnod
1609 3852 1738 3928 penes,
1759 3833 1856 3926 quod
1878 3855 1943 3924 per
1964 3828 2027 3906 ἐπὶ
2051 3831 2145 3905 reddi

2180 3108 2188 3229 l

1166 3947 1291 4028 potest.
1341 3931 1414 4006 Sed
1430 3928 1560 4005 horum
1582 3932 1715 4005 iudicia
1735 3935 1910 4026 repetenti
1934 3935 1976 4005 in
1996 3951 2145 4009 mentem
2185 3942 2188 4013 Ξ

1165 4037 1284 4121 44444,
1315 4060 1389 4107 444
1415 4037 1598 4127 corrumpi
1626 4037 1838 4107 sententiam
1861 4032 2060 4126 iohannis,
2091 4036 2145 4108 sed

129 4137 223 4207 miae
237 4135 375 4226 legibus
389 4136 641 4228 obtemperem.
694 4131 747 4205 Ac
762 4159 907 4228 prorsus
922 4136 972 4207 ita
988 4137 1116 4217 sentio,
1166 4138 1358 4218 illustrari,
1383 4139 1412 4209 si
1430 4163 1655 4228 communem
1665 4135 1822 4209 Graecae
1837 4138 1982 4230 linguae
2000 4162 2146 4212 444444·

128 4234 198 4310 1444
219 4241 336 4331 ipsum
364 4237 540 4319 officium,
569 4237 754 4322 videlicet,
782 4233 943 4311 honestis
977 4238 1116 4329 legibus
1167 4241 1327 4312 tudinem
1354 4262 1561 4336 sequamur,
1586 4265 1626 4310 44
1643 4240 1911 4332 intelligamus,
1935 4236 2002 4314 καὶ
2025 4236 2147 4343 Ao'yoc

130 4365 271 4434 parere,
297 4362 387 4434 quae
403 4353 555 4433 prosunt
570 4341 716 4426 studiis,
741 4341 846 4430 longe
869 4341 985 4410 maius
1010 4343 1116 4412 decus
1164 4335 1213 4438 ἦν
1227 4336 1320 4441 πρὸς
1332 4336 1401 4416 τὸν
1415 4338 1528 4428 θεὸν,
1554 4339 1727 4414 Ε4444444
1745 4357 1818 4414 4444
1836 4339 2020 4420 4441114444.
2057 4342 2147 4417 Hree

130 4467 222 4528 esse,
245 4467 351 4536 qnam
369 4442 424 4511 vel
439 4439 635 4511 Pericleam
651 4443 903 4536 eloquentiam.
953 4438 1034 4513 Erit
1049 4443 1117 4534 igi·
1166 4446 1410 4539 interpretatio
1436 4460 1470 4516 et
1483 4444 1657 4515 Personas
1680 4446 1870 4531 discernit,
1895 4460 1932 4519 et
1954 4470 2033 4517 non
2057 4447 2149 4520 ocio-

130 4559 190 4615 tur
223 4540 456 4614 humanitatis
488 4556 644 4630 vestrae,
677 4544 832 4615 vicissim
865 4540 934 4616 hnc
959 4545 1115 4617 officium
1168 4571 1242 4619 sam
1267 4549 1476 4619 sententiam
1503 4549 1680 4633 continet,
1712 4550 1772 4618 sed
1793 4548 2148 4621 deliberationem&

131 4648 300 4739 probare,
315 4659 360 4717 ‘et
377 4646 577 4716 orationem
593 4647 683 4717 boni
697 4649 893 4718 consulere.
1168 4651 1387 4745 colloquium
1404 4650 1589 4741 significat.
1642 4647 1689 4722 Se
1704 4651 1900 4743 adspiciens
1916 4649 2025 4723 Pater
2040 4669 2149 4726 seter·

234 4745 439 4841 Proponam
463 4747 574 4840 igitur
597 4749 841 4842 quaestionem
875 4765 1049 4836 veterem,
1081 4765 1117 4823 et
1166 4778 1252 4840 nus,
1278 4777 1319 4824 44
1341 4775 1415 4823 4444
1436 4752 1682 4838 considerans,
1707 4775 1749 4823 44
1763 4776 1883 4838 secum
1902 4753 2078 4847 loquens,
2099 4754 2149 4846 qi·

134 4848 299 4941 agitatam
322 4873 340 4919 a
363 4850 505 4949 duobus
532 4851 745 4922 doctissimis
769 4851 872 4937 viris,
904 4851 1116 4946 Moseopulo
1166 4856 1244 4947 gnit
1259 4856 1314 4926 sui
1338 4856 1540 4944 imaginem.
1591 4850 1657 4927 Est
1682 4856 1795 4946 igitur
1812 4857 1855 4926 441
1879 4855 1997 4927 Deum
2026 4880 2149 4929 sermo.

134 4965 169 5023 et
185 4945 393 5044 Phileipho,
416 4947 479 5021 De
494 4949 700 5046 particulo:
728 4947 820 5047 πρὸς
835 4948 1020 5028 edoceto.
1061 4951 1117 5024 Et
1165 4954 1263 5028 Haec
1280 4958 1455 5029 illustrius
1476 4957 1721 5048 significantur
1737 4959 1911 5051 particula
1937 4951 2020 5044 Ad,
2046 4982 2148 5055 quam

135 5051 280 5124 verbum
303 5061 381 5122 erat
404 5049 511 5151 apud
532 5051 667 5131 Deum.
719 5054 813 5126 Sunt
840 5069 874 5126 et
896 5057 966 5127 alia
992 5057 1031 5126 in
1052 5057 1116 5129 illo
1166 5061 1340 5154 particula
1351 5054 1474 5157 Apud.
1526 5052 1649 5154 Neque
1667 5073 1786 5131 tamen
1802 5059 1842 5130 in
1857 5059 2012 5133 lectione
2025 5064 2150 5135 usitata

132 5159 209 5250 ipso
228 5152 553 5244 exordioloannis,
573 5183 663 5252 quae
679 5157 756 5227 sine
769 5159 908 5231 erudite
926 5156 1117 5230 Gramma·
1167 5164 1355 5256 quicquam
1378 5176 1496 5248 muto,
1529 5176 1711 5256 totamque
1738 5158 1830 5231 hanc
1863 5163 2150 5253 disputationem,

132 5261 201 5332 tica
224 5282 295 5329 non
314 5272 464 5351 possunt
484 5258 670 5353 explicari,
696 5263 793 5354 quod
811 5285 851 5331 eo
870 5262 951 5331 dico
966 5277 1005 5333 ut
1029 5263 1116 5357 ado·
1138 5220 1142 5307 i
1167 5268 1211 5334 aid
1233 5267 1454 5335 eruditorum
1482 5265 1613 5336 iudicia
1637 5279 1671 5335 et
1687 5287 1872 5334 censuram
1898 5266 2034 5342 deiero.
2084 5266 2151 5338 Nec

132 5360 304 5433 lescentes
321 5356 407 5434 haer
423 5362 625 5433 communia
641 5363 845 5454 linguarum
865 5364 984 5437 studia
1006 5366 1117 5456 magis
1138 5312 1142 5435 i
1168 5368 1239 5438 alio
1263 5367 1412 5439 consilio
1433 5362 1521 5438 haec
1544 5367 1722 5454 recensui,
1753 5367 1824 5437 nisi
1852 5381 1893 5438 ut
1916 5368 2151 5453 ostenderem,
