<?xml version="1.0" encoding="UTF-8"?>
<!DOCTYPE html PUBLIC "-//W3C//DTD XHTML 1.0 Transitional//EN"
    "http://www.w3.org/TR/xhtml1/DTD/xhtml1-transitional.dtd">
<html xmlns="http://www.w3.org/1999/xhtml" xml:lang="en" lang="en">
 <head>
  <title>
</title>
<meta http-equiv="Content-Type" content="text/html;charset=utf-8" />
  <meta name='ocr-system' content='tesseract 3.04.00' />
  <meta name='ocr-capabilities' content='ocr_page ocr_carea ocr_par ocr_line ocrx_word'/>
</head>
<body>
  <div class='ocr_page' id='page_1' title='image "./corpusreformato02melagoog/corpusreformato02melagoog_0481.png"; bbox 0 0 4546 5760; ppageno 0'>
   <div class='ocr_carea' id='block_1_1' title="bbox 22 201 201 342">
    <p class='ocr_par' dir='ltr' id='par_1_1' title="bbox 22 201 201 342">
     <span class='ocr_line' id='line_1_1' title="bbox 22 201 201 342; baseline -0.006 0"><span class='ocrx_word' id='word_1_1' title='bbox 22 201 201 342; x_wconf 36' lang='lat' dir='ltr'>am·</span> 
     </span>
    </p>
   </div>
   <div class='ocr_carea' id='block_1_2' title="bbox 574 192 1697 309">
    <p class='ocr_par' dir='ltr' id='par_1_2' title="bbox 574 192 1697 309">
     <span class='ocr_line' id='line_1_2' title="bbox 574 192 1697 309; baseline 0.004 -36"><span class='ocrx_word' id='word_1_2' title='bbox 574 192 881 291; x_wconf 78' lang='lat' dir='ltr'><strong>ALLOQUIA</strong></span> <span class='ocrx_word' id='word_1_3' title='bbox 910 195 1035 273; x_wconf 70' lang='lat' dir='ltr'>ur:</span> <span class='ocrx_word' id='word_1_4' title='bbox 1061 195 1296 309; x_wconf 84' lang='lat' dir='ltr'>BREVES</span> <span class='ocrx_word' id='word_1_5' title='bbox 1346 196 1697 278; x_wconf 71' lang='lat' dir='ltr'>CONCIONE&amp;</span> 
     </span>
    </p>
   </div>
   <div class='ocr_carea' id='block_1_3' title="bbox 2077 201 2147 281">
    <p class='ocr_par' dir='ltr' id='par_1_3' title="bbox 2077 201 2147 281">
     <span class='ocr_line' id='line_1_3' title="bbox 2077 201 2147 281; baseline 0 0"><span class='ocrx_word' id='word_1_6' title='bbox 2077 201 2147 281; x_wconf 69' lang='lat' dir='ltr'>ill</span> 
     </span>
    </p>
   </div>
   <div class='ocr_carea' id='block_1_4' title="bbox 124 324 2151 474">
    <p class='ocr_par' dir='ltr' id='par_1_4' title="bbox 124 324 2151 474">
     <span class='ocr_line' id='line_1_4' title="bbox 124 324 2151 474; baseline -0 -21"><span class='ocrx_word' id='word_1_7' title='bbox 124 324 307 452; x_wconf 83' lang='lat' dir='ltr'>discedere</span> <span class='ocrx_word' id='word_1_8' title='bbox 319 372 544 447; x_wconf 77' lang='lat' dir='ltr'><strong>Mancinum.</strong></span> <span class='ocrx_word' id='word_1_9' title='bbox 594 371 665 444; x_wconf 85' lang='lat' dir='ltr'>llic</span> <span class='ocrx_word' id='word_1_10' title='bbox 680 397 746 446; x_wconf 86' lang='lat' dir='ltr'>seu</span> <span class='ocrx_word' id='word_1_11' title='bbox 760 398 881 451; x_wconf 90' lang='lat' dir='ltr'>amore</span> <span class='ocrx_word' id='word_1_12' title='bbox 897 377 1112 463; x_wconf 80' lang='lat' dir='ltr'>iurens‚seu</span> <span class='ocrx_word' id='word_1_13' title='bbox 1161 376 1221 452; x_wconf 83' lang='lat' dir='ltr'>Ad</span> <span class='ocrx_word' id='word_1_14' title='bbox 1238 373 1336 448; x_wconf 92' lang='lat' dir='ltr'>hunc</span> <span class='ocrx_word' id='word_1_15' title='bbox 1352 376 1459 446; x_wconf 89' lang='lat' dir='ltr'>linem</span> <span class='ocrx_word' id='word_1_16' title='bbox 1476 388 1511 447; x_wconf 90' lang='lat' dir='ltr'>et</span> <span class='ocrx_word' id='word_1_17' title='bbox 1525 377 1572 448; x_wconf 91' lang='lat' dir='ltr'>ad</span> <span class='ocrx_word' id='word_1_18' title='bbox 1586 373 1654 450; x_wconf 91' lang='lat' dir='ltr'>boe</span> <span class='ocrx_word' id='word_1_19' title='bbox 1669 333 1808 450; x_wconf 82' lang='lat' dir='ltr'>tantuin</span> <span class='ocrx_word' id='word_1_20' title='bbox 1825 359 2036 452; x_wconf 73' lang='lat' dir='ltr'>decureum</span> <span class='ocrx_word' id='word_1_21' title='bbox 2052 403 2151 474; x_wconf 89' lang='lat' dir='ltr'>prae-</span> 
     </span>
    </p>
   </div>
   <div class='ocr_carea' id='block_1_5' title="bbox 124 473 1111 768">
    <p class='ocr_par' dir='ltr' id='par_1_5' title="bbox 124 473 1111 768">
     <span class='ocr_line' id='line_1_5' title="bbox 124 473 1111 570; baseline -0.004 -18"><span class='ocrx_word' id='word_1_22' title='bbox 124 485 228 566; x_wconf 82' lang='lat' dir='ltr'>vino,</span> <span class='ocrx_word' id='word_1_23' title='bbox 254 479 359 550; x_wconf 90' lang='lat' dir='ltr'>aedes</span> <span class='ocrx_word' id='word_1_24' title='bbox 371 488 567 570; x_wconf 85' lang='lat' dir='ltr'>oppugnat.</span> <span class='ocrx_word' id='word_1_25' title='bbox 617 473 781 548; x_wconf 87' lang='lat' dir='ltr'>Tandem</span> <span class='ocrx_word' id='word_1_26' title='bbox 805 503 887 548; x_wconf 93' lang='lat' dir='ltr'>cum</span> <span class='ocrx_word' id='word_1_27' title='bbox 902 479 1037 550; x_wconf 89' lang='lat' dir='ltr'>deiecta</span> <span class='ocrx_word' id='word_1_28' title='bbox 1058 493 1111 550; x_wconf 87' lang='lat' dir='ltr'>te·</span> 
     </span>
     <span class='ocr_line' id='line_1_6' title="bbox 124 579 1107 676; baseline -0.005 -22"><span class='ocrx_word' id='word_1_29' title='bbox 124 584 223 676; x_wconf 87' lang='lat' dir='ltr'>gula,</span> <span class='ocrx_word' id='word_1_30' title='bbox 247 582 380 653; x_wconf 87' lang='lat' dir='ltr'>vulnus</span> <span class='ocrx_word' id='word_1_31' title='bbox 395 581 437 649; x_wconf 90' lang='lat' dir='ltr'>in</span> <span class='ocrx_word' id='word_1_32' title='bbox 453 579 566 672; x_wconf 87' lang='lat' dir='ltr'>capite</span> <span class='ocrx_word' id='word_1_33' title='bbox 581 580 768 672; x_wconf 76' lang='lat' dir='ltr'>accepisset</span> <span class='ocrx_word' id='word_1_34' title='bbox 784 582 931 667; x_wconf 89' lang='lat' dir='ltr'>aedilis,</span> <span class='ocrx_word' id='word_1_35' title='bbox 959 580 1107 653; x_wconf 89' lang='lat' dir='ltr'>abduci-</span> 
     </span>
     <span class='ocr_line' id='line_1_7' title="bbox 124 680 1110 768; baseline -0.008 -7"><span class='ocrx_word' id='word_1_36' title='bbox 124 704 183 762; x_wconf 86' lang='lat' dir='ltr'>tur</span> <span class='ocrx_word' id='word_1_37' title='bbox 196 685 357 758; x_wconf 90' lang='lat' dir='ltr'>domum.</span> <span class='ocrx_word' id='word_1_38' title='bbox 405 680 583 753; x_wconf 81' lang='lat' dir='ltr'>Postridie</span> <span class='ocrx_word' id='word_1_39' title='bbox 604 683 750 753; x_wconf 72' lang='lat' dir='ltr'>accersit</span> <span class='ocrx_word' id='word_1_40' title='bbox 773 684 980 768; x_wconf 88' lang='lat' dir='ltr'>mulierem,</span> <span class='ocrx_word' id='word_1_41' title='bbox 1003 697 1038 755; x_wconf 90' lang='lat' dir='ltr'>et</span> <span class='ocrx_word' id='word_1_42' title='bbox 1052 708 1110 754; x_wconf 90' lang='lat' dir='ltr'>sc-</span> 
     </span>
    </p>
   </div>
   <div class='ocr_carea' id='block_1_6' title="bbox 1163 477 2153 782">
    <p class='ocr_par' dir='ltr' id='par_1_6' title="bbox 1163 477 2153 782">
     <span class='ocr_line' id='line_1_8' title="bbox 1163 477 2151 574; baseline 0.002 -20"><span class='ocrx_word' id='word_1_43' title='bbox 1163 477 1265 574; x_wconf 75' lang='lat' dir='ltr'>iipue</span> <span class='ocrx_word' id='word_1_44' title='bbox 1294 479 1431 550; x_wconf 90' lang='lat' dir='ltr'>conditi</span> <span class='ocrx_word' id='word_1_45' title='bbox 1456 479 1586 565; x_wconf 89' lang='lat' dir='ltr'>simus,</span> <span class='ocrx_word' id='word_1_46' title='bbox 1623 478 1720 552; x_wconf 82' lang='lat' dir='ltr'>Deus</span> <span class='ocrx_word' id='word_1_47' title='bbox 1745 478 1924 552; x_wconf 76' lang='lat' dir='ltr'>Ecclesiae</span> <span class='ocrx_word' id='word_1_48' title='bbox 1959 499 1996 555; x_wconf 90' lang='lat' dir='ltr'>et</span> <span class='ocrx_word' id='word_1_49' title='bbox 2029 485 2151 565; x_wconf 67' lang='lat' dir='ltr'>scolas</span> 
     </span>
     <span class='ocr_line' id='line_1_9' title="bbox 1163 578 2153 680; baseline 0.004 -25"><span class='ocrx_word' id='word_1_50' title='bbox 1163 609 1255 680; x_wconf 89' lang='lat' dir='ltr'>quae</span> <span class='ocrx_word' id='word_1_51' title='bbox 1274 597 1358 654; x_wconf 88' lang='lat' dir='ltr'>sunt</span> <span class='ocrx_word' id='word_1_52' title='bbox 1381 583 1568 675; x_wconf 88' lang='lat' dir='ltr'>praecipua</span> <span class='ocrx_word' id='word_1_53' title='bbox 1587 578 1766 653; x_wconf 72' lang='lat' dir='ltr'>Ecclesiae</span> <span class='ocrx_word' id='word_1_54' title='bbox 1787 608 1886 676; x_wconf 87' lang='lat' dir='ltr'>pars,</span> <span class='ocrx_word' id='word_1_55' title='bbox 1911 585 2092 673; x_wconf 89' lang='lat' dir='ltr'>instituit,</span> <span class='ocrx_word' id='word_1_56' title='bbox 2116 601 2153 659; x_wconf 88' lang='lat' dir='ltr'>ot</span> 
     </span>
     <span class='ocr_line' id='line_1_10' title="bbox 1164 685 2149 782; baseline 0.003 -24"><span class='ocrx_word' id='word_1_57' title='bbox 1164 687 1303 781; x_wconf 79' lang='lat' dir='ltr'>assequi</span> <span class='ocrx_word' id='word_1_58' title='bbox 1339 686 1447 754; x_wconf 84' lang='lat' dir='ltr'>finem</span> <span class='ocrx_word' id='word_1_59' title='bbox 1484 685 1708 776; x_wconf 89' lang='lat' dir='ltr'>propositum</span> <span class='ocrx_word' id='word_1_60' title='bbox 1748 685 1922 758; x_wconf 84' lang='lat' dir='ltr'>divinitus</span> <span class='ocrx_word' id='word_1_61' title='bbox 1963 688 2149 782; x_wconf 77' lang='lat' dir='ltr'>possimne.</span> 
     </span>
    </p>
   </div>
   <div class='ocr_carea' id='block_1_7' title="bbox 123 783 2151 983">
    <p class='ocr_par' dir='ltr' id='par_1_7' title="bbox 123 783 2151 983">
     <span class='ocr_line' id='line_1_11' title="bbox 123 783 2151 885; baseline 0 -23"><span class='ocrx_word' id='word_1_62' title='bbox 123 802 240 874; x_wconf 83' lang='lat' dir='ltr'>cusat,</span> <span class='ocrx_word' id='word_1_63' title='bbox 275 787 372 880; x_wconf 92' lang='lat' dir='ltr'>quod</span> <span class='ocrx_word' id='word_1_64' title='bbox 401 785 649 878; x_wconf 86' lang='lat' dir='ltr'>vulneraverit</span> <span class='ocrx_word' id='word_1_65' title='bbox 676 784 840 855; x_wconf 88' lang='lat' dir='ltr'>Aedilem</span> <span class='ocrx_word' id='word_1_66' title='bbox 877 787 1002 879; x_wconf 91' lang='lat' dir='ltr'>populi</span> <span class='ocrx_word' id='word_1_67' title='bbox 1033 784 1111 858; x_wconf 84' lang='lat' dir='ltr'>llo-</span> <span class='ocrx_word' id='word_1_68' title='bbox 1162 790 1286 884; x_wconf 89' lang='lat' dir='ltr'>Neque</span> <span class='ocrx_word' id='word_1_69' title='bbox 1307 787 1403 856; x_wconf 91' lang='lat' dir='ltr'>enim</span> <span class='ocrx_word' id='word_1_70' title='bbox 1427 786 1612 878; x_wconf 91' lang='lat' dir='ltr'>pervenire</span> <span class='ocrx_word' id='word_1_71' title='bbox 1637 788 1682 856; x_wconf 88' lang='lat' dir='ltr'>ad</span> <span class='ocrx_word' id='word_1_72' title='bbox 1705 783 1799 859; x_wconf 86' lang='lat' dir='ltr'>hanc</span> <span class='ocrx_word' id='word_1_73' title='bbox 1811 802 1941 862; x_wconf 89' lang='lat' dir='ltr'>metam</span> <span class='ocrx_word' id='word_1_74' title='bbox 1956 813 2151 885; x_wconf 78' lang='lat' dir='ltr'>possemm,</span> 
     </span>
     <span class='ocr_line' id='line_1_12' title="bbox 125 885 2150 983; baseline 0.001 -20"><span class='ocrx_word' id='word_1_75' title='bbox 125 892 237 964; x_wconf 84' lang='lat' dir='ltr'>mani.</span> <span class='ocrx_word' id='word_1_76' title='bbox 288 887 354 959; x_wconf 92' lang='lat' dir='ltr'>llla</span> <span class='ocrx_word' id='word_1_77' title='bbox 369 887 415 957; x_wconf 92' lang='lat' dir='ltr'>ad</span> <span class='ocrx_word' id='word_1_78' title='bbox 423 885 607 958; x_wconf 83' lang='lat' dir='ltr'>Tribunos</span> <span class='ocrx_word' id='word_1_79' title='bbox 623 885 737 979; x_wconf 86' lang='lat' dir='ltr'>plebis</span> <span class='ocrx_word' id='word_1_80' title='bbox 752 904 937 980; x_wconf 88' lang='lat' dir='ltr'>provocat,</span> <span class='ocrx_word' id='word_1_81' title='bbox 953 889 1015 983; x_wconf 92' lang='lat' dir='ltr'>qui</span> <span class='ocrx_word' id='word_1_82' title='bbox 1029 913 1111 959; x_wconf 91' lang='lat' dir='ltr'>eum</span> <span class='ocrx_word' id='word_1_83' title='bbox 1163 893 1235 965; x_wconf 88' lang='lat' dir='ltr'>nisi</span> <span class='ocrx_word' id='word_1_84' title='bbox 1257 888 1415 962; x_wconf 83' lang='lat' dir='ltr'>Ecclesia</span> <span class='ocrx_word' id='word_1_85' title='bbox 1442 903 1477 959; x_wconf 90' lang='lat' dir='ltr'>et</span> <span class='ocrx_word' id='word_1_86' title='bbox 1496 889 1612 959; x_wconf 88' lang='lat' dir='ltr'>scolae</span> <span class='ocrx_word' id='word_1_87' title='bbox 1626 890 1694 960; x_wconf 90' lang='lat' dir='ltr'>iter</span> <span class='ocrx_word' id='word_1_88' title='bbox 1710 905 1977 966; x_wconf 78' lang='lat' dir='ltr'>monstrarent·</span> <span class='ocrx_word' id='word_1_89' title='bbox 2014 891 2150 966; x_wconf 86' lang='lat' dir='ltr'>Deinde</span> 
     </span>
    </p>
   </div>
   <div class='ocr_carea' id='block_1_8' title="bbox 109 990 1117 2005">
    <p class='ocr_par' dir='ltr' id='par_1_8' title="bbox 109 990 1117 2005">
     <span class='ocr_line' id='line_1_13' title="bbox 124 990 1111 1076; baseline -0.009 -9"><span class='ocrx_word' id='word_1_90' title='bbox 124 993 324 1076; x_wconf 86' lang='lat' dir='ltr'>audissent,</span> <span class='ocrx_word' id='word_1_91' title='bbox 352 990 492 1061; x_wconf 88' lang='lat' dir='ltr'>ebrium</span> <span class='ocrx_word' id='word_1_92' title='bbox 516 990 563 1059; x_wconf 88' lang='lat' dir='ltr'>ad</span> <span class='ocrx_word' id='word_1_93' title='bbox 576 991 680 1063; x_wconf 89' lang='lat' dir='ltr'>aedes</span> <span class='ocrx_word' id='word_1_94' title='bbox 693 990 827 1060; x_wconf 89' lang='lat' dir='ltr'>alienas</span> <span class='ocrx_word' id='word_1_95' title='bbox 846 1015 929 1062; x_wconf 89' lang='lat' dir='ltr'>suae</span> <span class='ocrx_word' id='word_1_96' title='bbox 950 991 1111 1061; x_wconf 86' lang='lat' dir='ltr'>libidinis</span> 
     </span>
     <span class='ocr_line' id='line_1_14' title="bbox 126 1092 1113 1184; baseline -0.005 -16"><span class='ocrx_word' id='word_1_97' title='bbox 126 1119 230 1168; x_wconf 85' lang='lat' dir='ltr'>eausa</span> <span class='ocrx_word' id='word_1_98' title='bbox 250 1105 353 1163; x_wconf 89' lang='lat' dir='ltr'>nocte</span> <span class='ocrx_word' id='word_1_99' title='bbox 375 1092 632 1163; x_wconf 79' lang='lat' dir='ltr'>tumultuatum</span> <span class='ocrx_word' id='word_1_100' title='bbox 653 1116 745 1179; x_wconf 88' lang='lat' dir='ltr'>esse,</span> <span class='ocrx_word' id='word_1_101' title='bbox 776 1108 906 1184; x_wconf 83' lang='lat' dir='ltr'>negant</span> <span class='ocrx_word' id='word_1_102' title='bbox 934 1093 1113 1164; x_wconf 89' lang='lat' dir='ltr'>aedilitiae</span> 
     </span>
     <span class='ocr_line' id='line_1_15' title="bbox 127 1195 1114 1294; baseline -0.004 -25"><span class='ocrx_word' id='word_1_103' title='bbox 127 1195 295 1294; x_wconf 79' lang='lat' dir='ltr'>potestati</span> <span class='ocrx_word' id='word_1_104' title='bbox 306 1196 437 1266; x_wconf 80' lang='lat' dir='ltr'>saetam</span> <span class='ocrx_word' id='word_1_105' title='bbox 451 1195 724 1281; x_wconf 89' lang='lat' dir='ltr'>contumeliam,</span> <span class='ocrx_word' id='word_1_106' title='bbox 746 1209 781 1265; x_wconf 90' lang='lat' dir='ltr'>et</span> <span class='ocrx_word' id='word_1_107' title='bbox 796 1198 982 1267; x_wconf 91' lang='lat' dir='ltr'>mulierem</span> <span class='ocrx_word' id='word_1_108' title='bbox 995 1197 1114 1266; x_wconf 91' lang='lat' dir='ltr'>absol-</span> 
     </span>
     <span class='ocr_line' id='line_1_16' title="bbox 127 1296 1113 1393; baseline -0.003 -21"><span class='ocrx_word' id='word_1_109' title='bbox 127 1314 240 1386; x_wconf 86' lang='lat' dir='ltr'>vunt,</span> <span class='ocrx_word' id='word_1_110' title='bbox 265 1323 305 1369; x_wconf 91' lang='lat' dir='ltr'>ae</span> <span class='ocrx_word' id='word_1_111' title='bbox 323 1298 423 1370; x_wconf 90' lang='lat' dir='ltr'>omni</span> <span class='ocrx_word' id='word_1_112' title='bbox 439 1297 598 1389; x_wconf 88' lang='lat' dir='ltr'>periculo</span> <span class='ocrx_word' id='word_1_113' title='bbox 623 1296 794 1380; x_wconf 88' lang='lat' dir='ltr'>liberant,</span> <span class='ocrx_word' id='word_1_114' title='bbox 821 1323 911 1393; x_wconf 90' lang='lat' dir='ltr'>quae</span> <span class='ocrx_word' id='word_1_115' title='bbox 928 1322 1027 1369; x_wconf 86' lang='lat' dir='ltr'>suam</span> <span class='ocrx_word' id='word_1_116' title='bbox 1045 1301 1113 1369; x_wconf 90' lang='lat' dir='ltr'>do-</span> 
     </span>
     <span class='ocr_line' id='line_1_17' title="bbox 128 1398 1114 1475; baseline -0.005 0"><span class='ocrx_word' id='word_1_117' title='bbox 128 1427 225 1475; x_wconf 92' lang='lat' dir='ltr'>mum</span> <span class='ocrx_word' id='word_1_118' title='bbox 248 1415 360 1472; x_wconf 92' lang='lat' dir='ltr'>noctu</span> <span class='ocrx_word' id='word_1_119' title='bbox 382 1400 599 1471; x_wconf 85' lang='lat' dir='ltr'>defenderat.</span> <span class='ocrx_word' id='word_1_120' title='bbox 659 1398 907 1473; x_wconf 81' lang='lat' dir='ltr'>Tribunatum</span> <span class='ocrx_word' id='word_1_121' title='bbox 939 1401 1114 1473; x_wconf 90' lang='lat' dir='ltr'>sententia</span> 
     </span>
     <span class='ocr_line' id='line_1_18' title="bbox 109 1500 1116 1597; baseline -0.006 -19"><span class='ocrx_word' id='word_1_122' title='bbox 109 1508 216 1578; x_wconf 89' lang='lat' dir='ltr'>&#39;adeo</span> <span class='ocrx_word' id='word_1_123' title='bbox 229 1506 444 1597; x_wconf 86' lang='lat' dir='ltr'>prudentum</span> <span class='ocrx_word' id='word_1_124' title='bbox 460 1502 602 1574; x_wconf 85' lang='lat' dir='ltr'>iudiciis</span> <span class='ocrx_word' id='word_1_125' title='bbox 615 1504 842 1594; x_wconf 88' lang='lat' dir='ltr'>comprobata</span> <span class='ocrx_word' id='word_1_126' title='bbox 859 1517 929 1585; x_wconf 90' lang='lat' dir='ltr'>est,</span> <span class='ocrx_word' id='word_1_127' title='bbox 948 1517 990 1574; x_wconf 92' lang='lat' dir='ltr'>ut</span> <span class='ocrx_word' id='word_1_128' title='bbox 1002 1500 1116 1573; x_wconf 88' lang='lat' dir='ltr'>histo·</span> 
     </span>
     <span class='ocr_line' id='line_1_19' title="bbox 128 1603 1116 1697; baseline -0.003 -18"><span class='ocrx_word' id='word_1_129' title='bbox 128 1608 196 1679; x_wconf 90' lang='lat' dir='ltr'>rici</span> <span class='ocrx_word' id='word_1_130' title='bbox 213 1607 357 1697; x_wconf 84' lang='lat' dir='ltr'>dignam</span> <span class='ocrx_word' id='word_1_131' title='bbox 371 1604 543 1682; x_wconf 87' lang='lat' dir='ltr'>memoria</span> <span class='ocrx_word' id='word_1_132' title='bbox 558 1603 774 1697; x_wconf 86' lang='lat' dir='ltr'>posteritatis</span> <span class='ocrx_word' id='word_1_133' title='bbox 783 1605 986 1681; x_wconf 88' lang='lat' dir='ltr'>iudicarint.</span> <span class='ocrx_word' id='word_1_134' title='bbox 1011 1604 1116 1677; x_wconf 87' lang='lat' dir='ltr'>Hanc</span> 
     </span>
     <span class='ocr_line' id='line_1_20' title="bbox 128 1707 1113 1803; baseline -0.005 -22"><span class='ocrx_word' id='word_1_135' title='bbox 128 1707 317 1784; x_wconf 89' lang='lat' dir='ltr'>historiam</span> <span class='ocrx_word' id='word_1_136' title='bbox 332 1721 368 1778; x_wconf 91' lang='lat' dir='ltr'>et</span> <span class='ocrx_word' id='word_1_137' title='bbox 385 1731 449 1776; x_wconf 87' lang='lat' dir='ltr'>vos</span> <span class='ocrx_word' id='word_1_138' title='bbox 463 1707 667 1779; x_wconf 88' lang='lat' dir='ltr'>meminisse</span> <span class='ocrx_word' id='word_1_139' title='bbox 682 1708 784 1789; x_wconf 89' lang='lat' dir='ltr'>volo,</span> <span class='ocrx_word' id='word_1_140' title='bbox 809 1733 856 1779; x_wconf 90' lang='lat' dir='ltr'>ne</span> <span class='ocrx_word' id='word_1_141' title='bbox 875 1707 956 1803; x_wconf 91' lang='lat' dir='ltr'>quis</span> <span class='ocrx_word' id='word_1_142' title='bbox 973 1732 1113 1779; x_wconf 84' lang='lat' dir='ltr'>exeusa-</span> 
     </span>
     <span class='ocr_line' id='line_1_21' title="bbox 128 1807 1117 1902; baseline -0.004 -16"><span class='ocrx_word' id='word_1_143' title='bbox 128 1812 228 1886; x_wconf 82' lang='lat' dir='ltr'>tione</span> <span class='ocrx_word' id='word_1_144' title='bbox 244 1808 384 1902; x_wconf 89' lang='lat' dir='ltr'>generis</span> <span class='ocrx_word' id='word_1_145' title='bbox 400 1823 461 1880; x_wconf 89' lang='lat' dir='ltr'>aut</span> <span class='ocrx_word' id='word_1_146' title='bbox 476 1807 616 1880; x_wconf 90' lang='lat' dir='ltr'>ordinis</span> <span class='ocrx_word' id='word_1_147' title='bbox 630 1821 769 1898; x_wconf 88' lang='lat' dir='ltr'>utatur,</span> <span class='ocrx_word' id='word_1_148' title='bbox 795 1810 827 1883; x_wconf 86' lang='lat' dir='ltr'>si</span> <span class='ocrx_word' id='word_1_149' title='bbox 843 1834 960 1882; x_wconf 85' lang='lat' dir='ltr'>mores</span> <span class='ocrx_word' id='word_1_150' title='bbox 974 1809 1117 1902; x_wconf 91' lang='lat' dir='ltr'>indigni</span> 
     </span>
     <span class='ocr_line' id='line_1_22' title="bbox 128 1909 740 2005; baseline -0.008 -17"><span class='ocrx_word' id='word_1_151' title='bbox 128 1930 214 1988; x_wconf 89' lang='lat' dir='ltr'>sunt</span> <span class='ocrx_word' id='word_1_152' title='bbox 231 1936 359 2005; x_wconf 86' lang='lat' dir='ltr'>genere</span> <span class='ocrx_word' id='word_1_153' title='bbox 373 1925 435 1983; x_wconf 92' lang='lat' dir='ltr'>aut</span> <span class='ocrx_word' id='word_1_154' title='bbox 451 1910 590 1982; x_wconf 88' lang='lat' dir='ltr'>ordine.</span> <span class='ocrx_word' id='word_1_155' title='bbox 639 1909 740 1983; x_wconf 86' lang='lat' dir='ltr'>Dixi.</span> 
     </span>
    </p>
   </div>
   <div class='ocr_carea' id='block_1_9' title="bbox 881 2333 1117 2398">
    <p class='ocr_par' dir='ltr' id='par_1_9' title="bbox 881 2333 1117 2398">
     <span class='ocr_line' id='line_1_23' title="bbox 881 2333 1117 2398; baseline -0.004 0"><span class='ocrx_word' id='word_1_156' title='bbox 881 2335 909 2398; x_wconf 77' lang='lat'>9.</span> <span class='ocrx_word' id='word_1_157' title='bbox 922 2334 1010 2394; x_wconf 85' lang='lat' dir='ltr'>Febr.</span> <span class='ocrx_word' id='word_1_158' title='bbox 1021 2333 1117 2398; x_wconf 75' lang='lat'>1542.</span> 
     </span>
    </p>
   </div>
   <div class='ocr_carea' id='block_1_10' title="bbox 893 2426 1107 2462">
    <p class='ocr_par' dir='ltr' id='par_1_10' title="bbox 893 2426 1107 2462">
     <span class='ocr_line' id='line_1_24' title="bbox 893 2426 1107 2462; baseline 0.009 -3"><span class='ocrx_word' id='word_1_159' title='bbox 893 2426 1107 2462; x_wconf 54' lang='grc' dir='ltr'><strong>Μ</strong></span> 
     </span>
    </p>
   </div>
   <div class='ocr_carea' id='block_1_11' title="bbox 203 2535 962 2612">
    <p class='ocr_par' dir='ltr' id='par_1_11' title="bbox 203 2535 962 2612">
     <span class='ocr_line' id='line_1_25' title="bbox 203 2535 962 2612; baseline -0.001 -16"><span class='ocrx_word' id='word_1_160' title='bbox 203 2543 227 2612; x_wconf 91' lang='lat'>†</span> <span class='ocrx_word' id='word_1_161' title='bbox 243 2539 280 2596; x_wconf 81' lang='lat' dir='ltr'>Er</span> <span class='ocrx_word' id='word_1_162' title='bbox 293 2536 453 2611; x_wconf 77' lang='lat' dir='ltr'>apographo</span> <span class='ocrx_word' id='word_1_163' title='bbox 466 2535 496 2593; x_wconf 87' lang='lat' dir='ltr'>in</span> <span class='ocrx_word' id='word_1_164' title='bbox 509 2536 572 2594; x_wconf 86' lang='lat' dir='ltr'>eod.</span> <span class='ocrx_word' id='word_1_165' title='bbox 587 2535 671 2593; x_wconf 88' lang='lat' dir='ltr'>Gotb.</span> <span class='ocrx_word' id='word_1_166' title='bbox 686 2554 735 2596; x_wconf 87' lang='lat' dir='ltr'>no.</span> <span class='ocrx_word' id='word_1_167' title='bbox 751 2538 796 2594; x_wconf 69' lang='lat'>26.</span> <span class='ocrx_word' id='word_1_168' title='bbox 809 2537 839 2593; x_wconf 93' lang='lat' dir='ltr'>iu</span> <span class='ocrx_word' id='word_1_169' title='bbox 850 2538 878 2599; x_wconf 81' lang='lat'>4.</span> <span class='ocrx_word' id='word_1_170' title='bbox 893 2557 921 2612; x_wconf 88' lang='lat' dir='ltr'>p.</span> <span class='ocrx_word' id='word_1_171' title='bbox 936 2538 962 2596; x_wconf 81' lang='grc'>9.</span> 
     </span>
    </p>
   </div>
   <div class='ocr_carea' id='block_1_12' title="bbox 14 2696 1121 2796">
    <p class='ocr_par' dir='ltr' id='par_1_12' title="bbox 14 2696 1121 2796">
     <span class='ocr_line' id='line_1_26' title="bbox 14 2696 1121 2796; baseline -0.005 -19"><span class='ocrx_word' id='word_1_172' title='bbox 14 2736 16 2741; x_wconf 55' lang='grc'>’</span> <span class='ocrx_word' id='word_1_173' title='bbox 130 2704 342 2777; x_wconf 73' lang='grc' dir='ltr'><strong>θοιιιιιιιιιιίι</strong></span> <span class='ocrx_word' id='word_1_174' title='bbox 381 2696 511 2796; x_wconf 76' lang='lat' dir='ltr'>formo</span> <span class='ocrx_word' id='word_1_175' title='bbox 544 2696 683 2794; x_wconf 79' lang='lat' dir='ltr'>opeodi</span> <span class='ocrx_word' id='word_1_176' title='bbox 718 2701 872 2796; x_wconf 76' lang='lat' dir='ltr'>gratias</span> <span class='ocrx_word' id='word_1_177' title='bbox 901 2722 970 2794; x_wconf 81' lang='lat' dir='ltr'>pro</span> <span class='ocrx_word' id='word_1_178' title='bbox 1004 2701 1121 2773; x_wconf 82' lang='lat' dir='ltr'>oolla-</span> 
     </span>
    </p>
   </div>
   <div class='ocr_carea' id='block_1_13' title="bbox 70 2799 1120 3000">
    <p class='ocr_par' dir='ltr' id='par_1_13' title="bbox 70 2799 1120 3000">
     <span class='ocr_line' id='line_1_27' title="bbox 132 2799 1120 2899; baseline -0.003 -20"><span class='ocrx_word' id='word_1_179' title='bbox 132 2811 234 2882; x_wconf 84' lang='lat' dir='ltr'>tiooe</span> <span class='ocrx_word' id='word_1_180' title='bbox 257 2804 478 2899; x_wconf 80' lang='lat' dir='ltr'>Mopisterii</span> <span class='ocrx_word' id='word_1_181' title='bbox 504 2799 774 2894; x_wconf 77' lang='lat' dir='ltr'>philosophici,</span> <span class='ocrx_word' id='word_1_182' title='bbox 797 2806 1042 2896; x_wconf 81' lang='lat' dir='ltr'>praescripto</span> <span class='ocrx_word' id='word_1_183' title='bbox 1066 2806 1120 2876; x_wconf 87' lang='grc' dir='ltr'>Μ.</span> 
     </span>
     <span class='ocr_line' id='line_1_28' title="bbox 70 2901 1094 3000; baseline -0.005 -17"><span class='ocrx_word' id='word_1_184' title='bbox 70 2912 72 2916; x_wconf 79' lang='grc'><strong>’</strong></span> <span class='ocrx_word' id='word_1_185' title='bbox 156 2913 438 3000; x_wconf 76' lang='lat' dir='ltr'>Hieronymo</span> <span class='ocrx_word' id='word_1_186' title='bbox 464 2901 768 2998; x_wconf 59' lang='lat' dir='ltr'>Sciscitari)</span> <span class='ocrx_word' id='word_1_187' title='bbox 798 2902 907 2980; x_wconf 78' lang='lat' dir='ltr'>last.</span> <span class='ocrx_word' id='word_1_188' title='bbox 933 2903 1094 2980; x_wconf 53' lang='lat' dir='ltr'>smair.</span> 
     </span>
    </p>
   </div>
   <div class='ocr_carea' id='block_1_14' title="bbox 129 3047 1120 3965">
    <p class='ocr_par' dir='ltr' id='par_1_14' title="bbox 129 3047 1120 3965">
     <span class='ocr_line' id='line_1_29' title="bbox 129 3047 1120 3146; baseline -0.01 -13"><span class='ocrx_word' id='word_1_189' title='bbox 129 3047 218 3133; x_wconf 78' lang='lat' dir='ltr'>Etsi</span> <span class='ocrx_word' id='word_1_190' title='bbox 244 3056 380 3127; x_wconf 90' lang='lat' dir='ltr'>nullius</span> <span class='ocrx_word' id='word_1_191' title='bbox 403 3068 456 3125; x_wconf 84' lang='lat' dir='ltr'>est</span> <span class='ocrx_word' id='word_1_192' title='bbox 477 3066 576 3124; x_wconf 87' lang='lat' dir='ltr'>tanta</span> <span class='ocrx_word' id='word_1_193' title='bbox 593 3053 818 3146; x_wconf 81' lang='lat' dir='ltr'>eloquentia,</span> <span class='ocrx_word' id='word_1_194' title='bbox 843 3067 886 3124; x_wconf 91' lang='lat' dir='ltr'>nt</span> <span class='ocrx_word' id='word_1_195' title='bbox 900 3055 1120 3144; x_wconf 88' lang='lat' dir='ltr'>magnitudi-</span> 
     </span>
     <span class='ocr_line' id='line_1_30' title="bbox 130 3152 1119 3251; baseline -0.006 -18"><span class='ocrx_word' id='word_1_196' title='bbox 130 3186 214 3233; x_wconf 90' lang='lat' dir='ltr'>nem</span> <span class='ocrx_word' id='word_1_197' title='bbox 227 3158 500 3239; x_wconf 83' lang='lat' dir='ltr'>beneficiorum,</span> <span class='ocrx_word' id='word_1_198' title='bbox 527 3180 617 3250; x_wconf 92' lang='lat' dir='ltr'>qnae</span> <span class='ocrx_word' id='word_1_199' title='bbox 638 3157 677 3225; x_wconf 92' lang='lat' dir='ltr'>in</span> <span class='ocrx_word' id='word_1_200' title='bbox 692 3152 822 3226; x_wconf 90' lang='lat' dir='ltr'>scholis</span> <span class='ocrx_word' id='word_1_201' title='bbox 836 3169 930 3251; x_wconf 86' lang='lat' dir='ltr'>recte</span> <span class='ocrx_word' id='word_1_202' title='bbox 945 3156 1119 3229; x_wconf 89' lang='lat' dir='ltr'>institutis</span> 
     </span>
     <span class='ocr_line' id='line_1_31' title="bbox 129 3258 1119 3352; baseline -0.005 -17"><span class='ocrx_word' id='word_1_203' title='bbox 129 3267 298 3337; x_wconf 85' lang='lat' dir='ltr'>inventus</span> <span class='ocrx_word' id='word_1_204' title='bbox 329 3260 472 3352; x_wconf 89' lang='lat' dir='ltr'>accipit,</span> <span class='ocrx_word' id='word_1_205' title='bbox 504 3258 591 3329; x_wconf 85' lang='lat' dir='ltr'>satis</span> <span class='ocrx_word' id='word_1_206' title='bbox 613 3258 812 3350; x_wconf 87' lang='lat' dir='ltr'>praedicari</span> <span class='ocrx_word' id='word_1_207' title='bbox 835 3259 966 3350; x_wconf 88' lang='lat' dir='ltr'>possit,</span> <span class='ocrx_word' id='word_1_208' title='bbox 999 3273 1119 3330; x_wconf 89' lang='lat' dir='ltr'>tamen</span> 
     </span>
     <span class='ocr_line' id='line_1_32' title="bbox 131 3357 1120 3457; baseline -0.007 -19"><span class='ocrx_word' id='word_1_209' title='bbox 131 3362 196 3438; x_wconf 92' lang='lat' dir='ltr'>has</span> <span class='ocrx_word' id='word_1_210' title='bbox 216 3376 333 3457; x_wconf 89' lang='lat' dir='ltr'>partes</span> <span class='ocrx_word' id='word_1_211' title='bbox 349 3362 600 3452; x_wconf 86' lang='lat' dir='ltr'>significandae</span> <span class='ocrx_word' id='word_1_212' title='bbox 618 3360 848 3452; x_wconf 81' lang='lat' dir='ltr'>gratitudinis</span> <span class='ocrx_word' id='word_1_213' title='bbox 863 3373 1005 3432; x_wconf 89' lang='lat' dir='ltr'>nostrae</span> <span class='ocrx_word' id='word_1_214' title='bbox 1027 3357 1120 3432; x_wconf 92' lang='lat' dir='ltr'>mihi</span> 
     </span>
     <span class='ocr_line' id='line_1_33' title="bbox 132 3458 1119 3557; baseline -0.007 -17"><span class='ocrx_word' id='word_1_215' title='bbox 132 3471 231 3540; x_wconf 89' lang='lat' dir='ltr'>datas</span> <span class='ocrx_word' id='word_1_216' title='bbox 245 3489 338 3550; x_wconf 90' lang='lat' dir='ltr'>esse,</span> <span class='ocrx_word' id='word_1_217' title='bbox 359 3465 463 3535; x_wconf 82' lang='lat' dir='ltr'>facile</span> <span class='ocrx_word' id='word_1_218' title='bbox 480 3462 616 3556; x_wconf 87' lang='lat' dir='ltr'>patior,</span> <span class='ocrx_word' id='word_1_219' title='bbox 641 3463 793 3557; x_wconf 85' lang='lat' dir='ltr'>quadiu</span> <span class='ocrx_word' id='word_1_220' title='bbox 809 3458 878 3534; x_wconf 92' lang='lat' dir='ltr'>hoc</span> <span class='ocrx_word' id='word_1_221' title='bbox 893 3488 1020 3555; x_wconf 81' lang='lat' dir='ltr'>genere</span> <span class='ocrx_word' id='word_1_222' title='bbox 1042 3488 1119 3534; x_wconf 91' lang='lat' dir='ltr'>ma-</span> 
     </span>
     <span class='ocr_line' id='line_1_34' title="bbox 132 3563 1118 3660; baseline -0.004 -19"><span class='ocrx_word' id='word_1_223' title='bbox 132 3572 190 3642; x_wconf 88' lang='lat' dir='ltr'>ior</span> <span class='ocrx_word' id='word_1_224' title='bbox 206 3583 257 3640; x_wconf 90' lang='lat' dir='ltr'>est</span> <span class='ocrx_word' id='word_1_225' title='bbox 273 3568 382 3640; x_wconf 85' lang='lat' dir='ltr'>oflicii</span> <span class='ocrx_word' id='word_1_226' title='bbox 397 3568 474 3637; x_wconf 88' lang='lat' dir='ltr'>laus</span> <span class='ocrx_word' id='word_1_227' title='bbox 490 3590 597 3660; x_wconf 93' lang='lat' dir='ltr'>quam</span> <span class='ocrx_word' id='word_1_228' title='bbox 612 3565 844 3659; x_wconf 88' lang='lat' dir='ltr'>eloquentiae.</span> <span class='ocrx_word' id='word_1_229' title='bbox 893 3563 944 3637; x_wconf 89' lang='lat' dir='ltr'>Et</span> <span class='ocrx_word' id='word_1_230' title='bbox 967 3592 1029 3637; x_wconf 88' lang='lat' dir='ltr'>vos</span> <span class='ocrx_word' id='word_1_231' title='bbox 1052 3591 1118 3659; x_wconf 90' lang='lat' dir='ltr'>pro</span> 
     </span>
     <span class='ocr_line' id='line_1_35' title="bbox 132 3668 1118 3762; baseline -0.002 -19"><span class='ocrx_word' id='word_1_232' title='bbox 132 3684 248 3743; x_wconf 83' lang='lat' dir='ltr'>vestra</span> <span class='ocrx_word' id='word_1_233' title='bbox 271 3671 444 3761; x_wconf 86' lang='lat' dir='ltr'>gravitate</span> <span class='ocrx_word' id='word_1_234' title='bbox 469 3692 544 3738; x_wconf 92' lang='lat' dir='ltr'>non</span> <span class='ocrx_word' id='word_1_235' title='bbox 561 3682 633 3739; x_wconf 89' lang='lat' dir='ltr'>tam</span> <span class='ocrx_word' id='word_1_236' title='bbox 650 3668 811 3739; x_wconf 89' lang='lat' dir='ltr'>oratione</span> <span class='ocrx_word' id='word_1_237' title='bbox 826 3692 930 3762; x_wconf 91' lang='lat' dir='ltr'>quam</span> <span class='ocrx_word' id='word_1_238' title='bbox 947 3683 1118 3761; x_wconf 86' lang='lat' dir='ltr'>perpetua</span> 
     </span>
     <span class='ocr_line' id='line_1_36' title="bbox 132 3769 1118 3860; baseline -0.005 -14"><span class='ocrx_word' id='word_1_239' title='bbox 132 3772 381 3846; x_wconf 87' lang='lat' dir='ltr'>benevolentia</span> <span class='ocrx_word' id='word_1_240' title='bbox 408 3784 443 3841; x_wconf 93' lang='lat' dir='ltr'>et</span> <span class='ocrx_word' id='word_1_241' title='bbox 467 3771 560 3839; x_wconf 91' lang='lat' dir='ltr'>veris</span> <span class='ocrx_word' id='word_1_242' title='bbox 584 3769 710 3838; x_wconf 87' lang='lat' dir='ltr'>officiis</span> <span class='ocrx_word' id='word_1_243' title='bbox 732 3770 904 3846; x_wconf 87' lang='lat' dir='ltr'>declarari</span> <span class='ocrx_word' id='word_1_244' title='bbox 929 3773 1118 3860; x_wconf 89' lang='lat' dir='ltr'>gratitudi-</span> 
     </span>
     <span class='ocr_line' id='line_1_37' title="bbox 132 3867 1119 3965; baseline -0.004 -18"><span class='ocrx_word' id='word_1_245' title='bbox 132 3899 215 3948; x_wconf 89' lang='lat' dir='ltr'>nem</span> <span class='ocrx_word' id='word_1_246' title='bbox 231 3874 350 3945; x_wconf 84' lang='lat' dir='ltr'>vnltis.</span> <span class='ocrx_word' id='word_1_247' title='bbox 401 3870 537 3942; x_wconf 87' lang='lat' dir='ltr'>Verum</span> <span class='ocrx_word' id='word_1_248' title='bbox 552 3871 723 3964; x_wconf 69' lang='lat' dir='ltr'>quorum</span> <span class='ocrx_word' id='word_1_249' title='bbox 744 3867 832 3942; x_wconf 91' lang='lat' dir='ltr'>baec</span> <span class='ocrx_word' id='word_1_250' title='bbox 853 3873 996 3965; x_wconf 90' lang='lat' dir='ltr'>publiea</span> <span class='ocrx_word' id='word_1_251' title='bbox 1018 3875 1119 3944; x_wconf 91' lang='lat' dir='ltr'>testi-</span> 
     </span>
    </p>
   </div>
   <div class='ocr_carea' id='block_1_15' title="bbox 1165 988 2176 3948">
    <p class='ocr_par' dir='ltr' id='par_1_15' title="bbox 1165 988 2176 3948">
     <span class='ocr_line' id='line_1_38' title="bbox 1165 988 2150 1082; baseline 0.003 -18"><span class='ocrx_word' id='word_1_252' title='bbox 1165 995 1267 1065; x_wconf 85' lang='lat' dir='ltr'>nervi</span> <span class='ocrx_word' id='word_1_253' title='bbox 1293 1005 1377 1062; x_wconf 88' lang='lat' dir='ltr'>sunt</span> <span class='ocrx_word' id='word_1_254' title='bbox 1403 992 1513 1063; x_wconf 88' lang='lat' dir='ltr'>totius</span> <span class='ocrx_word' id='word_1_255' title='bbox 1535 992 1712 1063; x_wconf 88' lang='lat' dir='ltr'>societatis</span> <span class='ocrx_word' id='word_1_256' title='bbox 1736 988 1925 1066; x_wconf 89' lang='lat' dir='ltr'>hominum</span> <span class='ocrx_word' id='word_1_257' title='bbox 1949 997 2051 1069; x_wconf 89' lang='lat' dir='ltr'>inter</span> <span class='ocrx_word' id='word_1_258' title='bbox 2075 1019 2150 1082; x_wconf 73' lang='lat' dir='ltr'>sese</span> 
     </span>
     <span class='ocr_line' id='line_1_39' title="bbox 1166 1090 2150 1171; baseline 0.001 -3"><span class='ocrx_word' id='word_1_259' title='bbox 1166 1111 1199 1168; x_wconf 92' lang='lat' dir='ltr'>et</span> <span class='ocrx_word' id='word_1_260' title='bbox 1221 1090 1330 1167; x_wconf 91' lang='lat' dir='ltr'>huius</span> <span class='ocrx_word' id='word_1_261' title='bbox 1352 1094 1470 1164; x_wconf 86' lang='lat' dir='ltr'>civilis</span> <span class='ocrx_word' id='word_1_262' title='bbox 1491 1095 1761 1165; x_wconf 87' lang='lat' dir='ltr'>consuetudinis</span> <span class='ocrx_word' id='word_1_263' title='bbox 1783 1111 1939 1169; x_wconf 85' lang='lat' dir='ltr'>caeterae</span> <span class='ocrx_word' id='word_1_264' title='bbox 1965 1100 2150 1171; x_wconf 86' lang='lat' dir='ltr'>bonaear·</span> 
     </span>
     <span class='ocr_line' id='line_1_40' title="bbox 1166 1196 2149 1291; baseline 0.002 -20"><span class='ocrx_word' id='word_1_265' title='bbox 1166 1215 1235 1285; x_wconf 88' lang='lat' dir='ltr'>tes,</span> <span class='ocrx_word' id='word_1_266' title='bbox 1274 1220 1364 1291; x_wconf 88' lang='lat' dir='ltr'>quae</span> <span class='ocrx_word' id='word_1_267' title='bbox 1389 1196 1430 1265; x_wconf 90' lang='lat' dir='ltr'>in</span> <span class='ocrx_word' id='word_1_268' title='bbox 1453 1197 1558 1267; x_wconf 85' lang='lat' dir='ltr'>scolis</span> <span class='ocrx_word' id='word_1_269' title='bbox 1584 1198 1787 1270; x_wconf 90' lang='lat' dir='ltr'>traduntur.</span> <span class='ocrx_word' id='word_1_270' title='bbox 1845 1196 1963 1270; x_wconf 87' lang='lat' dir='ltr'>Tanta</span> <span class='ocrx_word' id='word_1_271' title='bbox 1985 1201 2149 1272; x_wconf 81' lang='lat' dir='ltr'>beneficia</span> 
     </span>
     <span class='ocr_line' id='line_1_41' title="bbox 1167 1298 2149 1391; baseline 0.004 -19"><span class='ocrx_word' id='word_1_272' title='bbox 1167 1327 1247 1372; x_wconf 91' lang='lat' dir='ltr'>cum</span> <span class='ocrx_word' id='word_1_273' title='bbox 1273 1301 1312 1368; x_wconf 89' lang='lat' dir='ltr'>in</span> <span class='ocrx_word' id='word_1_274' title='bbox 1336 1298 1441 1369; x_wconf 88' lang='lat' dir='ltr'>scolis</span> <span class='ocrx_word' id='word_1_275' title='bbox 1463 1298 1677 1391; x_wconf 84' lang='lat' dir='ltr'>accipiamus</span> <span class='ocrx_word' id='word_1_276' title='bbox 1700 1300 1857 1391; x_wconf 88' lang='lat' dir='ltr'>primum</span> <span class='ocrx_word' id='word_1_277' title='bbox 1878 1302 1982 1375; x_wconf 89' lang='lat' dir='ltr'>decet</span> <span class='ocrx_word' id='word_1_278' title='bbox 1995 1305 2149 1376; x_wconf 81' lang='lat' dir='ltr'>eruditos</span> 
     </span>
     <span class='ocr_line' id='line_1_42' title="bbox 1168 1400 2151 1492; baseline 0.002 -17"><span class='ocrx_word' id='word_1_279' title='bbox 1168 1428 1292 1475; x_wconf 90' lang='lat' dir='ltr'>corum</span> <span class='ocrx_word' id='word_1_280' title='bbox 1330 1400 1613 1492; x_wconf 80' lang='lat' dir='ltr'>magnitudinem</span> <span class='ocrx_word' id='word_1_281' title='bbox 1648 1403 1831 1474; x_wconf 88' lang='lat' dir='ltr'>ardentius</span> <span class='ocrx_word' id='word_1_282' title='bbox 1860 1406 2094 1477; x_wconf 85' lang='lat' dir='ltr'>considerare</span> <span class='ocrx_word' id='word_1_283' title='bbox 2125 1417 2151 1476; x_wconf 88' lang='lat' dir='ltr'>et</span> 
     </span>
     <span class='ocr_line' id='line_1_43' title="bbox 1168 1501 2150 1601; baseline 0 -24"><span class='ocrx_word' id='word_1_284' title='bbox 1168 1506 1314 1601; x_wconf 87' lang='lat' dir='ltr'>propius</span> <span class='ocrx_word' id='word_1_285' title='bbox 1330 1504 1510 1596; x_wconf 88' lang='lat' dir='ltr'>adspicere</span> <span class='ocrx_word' id='word_1_286' title='bbox 1526 1527 1632 1598; x_wconf 92' lang='lat' dir='ltr'>quam</span> <span class='ocrx_word' id='word_1_287' title='bbox 1648 1503 1824 1575; x_wconf 86' lang='lat' dir='ltr'>indoctos.</span> <span class='ocrx_word' id='word_1_288' title='bbox 1860 1501 1974 1579; x_wconf 87' lang='lat' dir='ltr'>Decet</span> <span class='ocrx_word' id='word_1_289' title='bbox 1992 1523 2027 1580; x_wconf 89' lang='lat' dir='ltr'>et</span> <span class='ocrx_word' id='word_1_290' title='bbox 2040 1504 2150 1579; x_wconf 89' lang='lat' dir='ltr'>Deum</span> 
     </span>
     <span class='ocr_line' id='line_1_44' title="bbox 1169 1606 2153 1706; baseline -0.001 -27"><span class='ocrx_word' id='word_1_291' title='bbox 1169 1606 1372 1703; x_wconf 86' lang='lat' dir='ltr'>praedicare</span> <span class='ocrx_word' id='word_1_292' title='bbox 1402 1618 1563 1678; x_wconf 89' lang='lat' dir='ltr'>autorem</span> <span class='ocrx_word' id='word_1_293' title='bbox 1588 1620 1769 1678; x_wconf 88' lang='lat' dir='ltr'>tantorum</span> <span class='ocrx_word' id='word_1_294' title='bbox 1802 1631 2017 1696; x_wconf 88' lang='lat' dir='ltr'>munerum,</span> <span class='ocrx_word' id='word_1_295' title='bbox 2052 1609 2153 1706; x_wconf 87' lang='lat' dir='ltr'>quie</span> 
     </span>
     <span class='ocr_line' id='line_1_45' title="bbox 1168 1703 2153 1802; baseline 0 -20"><span class='ocrx_word' id='word_1_296' title='bbox 1168 1711 1251 1784; x_wconf 89' lang='lat' dir='ltr'>sinn</span> <span class='ocrx_word' id='word_1_297' title='bbox 1264 1712 1588 1802; x_wconf 86' lang='lat' dir='ltr'>suodcpromptum</span> <span class='ocrx_word' id='word_1_298' title='bbox 1597 1703 1832 1800; x_wconf 88' lang='lat' dir='ltr'>Evangelium</span> <span class='ocrx_word' id='word_1_299' title='bbox 1842 1734 1908 1802; x_wconf 89' lang='lat' dir='ltr'>per</span> <span class='ocrx_word' id='word_1_300' title='bbox 1921 1711 2041 1784; x_wconf 90' lang='lat' dir='ltr'>tilium</span> <span class='ocrx_word' id='word_1_301' title='bbox 2057 1734 2153 1784; x_wconf 87' lang='lat' dir='ltr'>suun</span> 
     </span>
     <span class='ocr_line' id='line_1_46' title="bbox 1170 1809 2154 1905; baseline 0.001 -21"><span class='ocrx_word' id='word_1_302' title='bbox 1170 1811 1275 1885; x_wconf 89' lang='lat' dir='ltr'>nobis</span> <span class='ocrx_word' id='word_1_303' title='bbox 1297 1811 1458 1904; x_wconf 87' lang='lat' dir='ltr'>patefieri</span> <span class='ocrx_word' id='word_1_304' title='bbox 1481 1812 1616 1892; x_wconf 87' lang='lat' dir='ltr'>voluit,</span> <span class='ocrx_word' id='word_1_305' title='bbox 1651 1811 1715 1905; x_wconf 90' lang='lat' dir='ltr'>qui</span> <span class='ocrx_word' id='word_1_306' title='bbox 1735 1809 1979 1885; x_wconf 88' lang='lat' dir='ltr'>ministerium</span> <span class='ocrx_word' id='word_1_307' title='bbox 2004 1810 2154 1887; x_wconf 87' lang='lat' dir='ltr'>docendi</span> 
     </span>
     <span class='ocr_line' id='line_1_47' title="bbox 1170 1909 2154 2010; baseline -0.003 -23"><span class='ocrx_word' id='word_1_308' title='bbox 1170 1912 1379 2005; x_wconf 83' lang='lat' dir='ltr'>Evangelii,</span> <span class='ocrx_word' id='word_1_309' title='bbox 1402 1909 1577 1984; x_wconf 86' lang='lat' dir='ltr'>Ecclesias</span> <span class='ocrx_word' id='word_1_310' title='bbox 1601 1924 1637 1984; x_wconf 92' lang='lat' dir='ltr'>et</span> <span class='ocrx_word' id='word_1_311' title='bbox 1657 1914 1768 1983; x_wconf 87' lang='lat' dir='ltr'>scolas</span> <span class='ocrx_word' id='word_1_312' title='bbox 1783 1912 1961 1997; x_wconf 86' lang='lat' dir='ltr'>instituit,</span> <span class='ocrx_word' id='word_1_313' title='bbox 1987 1912 2154 2010; x_wconf 79' lang='lat' dir='ltr'>quibant</span> 
     </span>
     <span class='ocr_line' id='line_1_48' title="bbox 1171 2014 2155 2091; baseline 0 -3"><span class='ocrx_word' id='word_1_314' title='bbox 1171 2016 1281 2091; x_wconf 86' lang='lat' dir='ltr'>vitam</span> <span class='ocrx_word' id='word_1_315' title='bbox 1308 2016 1445 2090; x_wconf 81' lang='lat' dir='ltr'>actibus</span> <span class='ocrx_word' id='word_1_316' title='bbox 1465 2014 1635 2088; x_wconf 83' lang='lat' dir='ltr'>instruxit</span> <span class='ocrx_word' id='word_1_317' title='bbox 1667 2028 1701 2086; x_wconf 94' lang='lat' dir='ltr'>et</span> <span class='ocrx_word' id='word_1_318' title='bbox 1733 2017 1886 2088; x_wconf 82' lang='lat' dir='ltr'>ornavit.</span> <span class='ocrx_word' id='word_1_319' title='bbox 1938 2015 2086 2091; x_wconf 87' lang='lat' dir='ltr'>Deinde</span> <span class='ocrx_word' id='word_1_320' title='bbox 2104 2019 2155 2089; x_wconf 89' lang='lat' dir='ltr'>iu·</span> 
     </span>
     <span class='ocr_line' id='line_1_49' title="bbox 1170 2115 2155 2212; baseline -0.004 -20"><span class='ocrx_word' id='word_1_321' title='bbox 1170 2119 1458 2204; x_wconf 64' lang='lat' dir='ltr'>dissimum-est,</span> <span class='ocrx_word' id='word_1_322' title='bbox 1481 2141 1547 2188; x_wconf 93' lang='lat' dir='ltr'>nos</span> <span class='ocrx_word' id='word_1_323' title='bbox 1569 2133 1604 2189; x_wconf 89' lang='lat' dir='ltr'>et</span> <span class='ocrx_word' id='word_1_324' title='bbox 1626 2117 1838 2188; x_wconf 89' lang='lat' dir='ltr'>docentibus</span> <span class='ocrx_word' id='word_1_325' title='bbox 1859 2115 1993 2190; x_wconf 88' lang='lat' dir='ltr'>babere</span> <span class='ocrx_word' id='word_1_326' title='bbox 2009 2119 2155 2212; x_wconf 86' lang='lat' dir='ltr'>gratiam</span> 
     </span>
     <span class='ocr_line' id='line_1_50' title="bbox 1171 2220 2156 2314; baseline -0.001 -21"><span class='ocrx_word' id='word_1_327' title='bbox 1171 2248 1213 2293; x_wconf 84' lang='lat' dir='ltr'>ex</span> <span class='ocrx_word' id='word_1_328' title='bbox 1230 2220 1369 2307; x_wconf 91' lang='lat' dir='ltr'>animo,</span> <span class='ocrx_word' id='word_1_329' title='bbox 1393 2244 1523 2314; x_wconf 87' lang='lat' dir='ltr'>eosque</span> <span class='ocrx_word' id='word_1_330' title='bbox 1538 2234 1709 2314; x_wconf 90' lang='lat' dir='ltr'>tanquam</span> <span class='ocrx_word' id='word_1_331' title='bbox 1731 2234 1897 2312; x_wconf 88' lang='lat' dir='ltr'>parentes</span> <span class='ocrx_word' id='word_1_332' title='bbox 1911 2245 2034 2293; x_wconf 86' lang='lat' dir='ltr'>amare</span> <span class='ocrx_word' id='word_1_333' title='bbox 2050 2235 2087 2293; x_wconf 89' lang='lat' dir='ltr'>et</span> <span class='ocrx_word' id='word_1_334' title='bbox 2102 2245 2156 2292; x_wconf 78' lang='lat' dir='ltr'>re·</span> 
     </span>
     <span class='ocr_line' id='line_1_51' title="bbox 1171 2321 2155 2418; baseline 0.001 -24"><span class='ocrx_word' id='word_1_335' title='bbox 1171 2324 1312 2409; x_wconf 83' lang='lat' dir='ltr'>necari,</span> <span class='ocrx_word' id='word_1_336' title='bbox 1343 2323 1434 2395; x_wconf 89' lang='lat' dir='ltr'>sieut</span> <span class='ocrx_word' id='word_1_337' title='bbox 1455 2321 1631 2417; x_wconf 90' lang='lat' dir='ltr'>praecipit</span> <span class='ocrx_word' id='word_1_338' title='bbox 1653 2321 1777 2394; x_wconf 89' lang='lat' dir='ltr'>divina</span> <span class='ocrx_word' id='word_1_339' title='bbox 1793 2346 1878 2393; x_wconf 83' lang='lat' dir='ltr'>vox:</span> <span class='ocrx_word' id='word_1_340' title='bbox 1916 2322 2072 2396; x_wconf 89' lang='lat' dir='ltr'>Honora</span> <span class='ocrx_word' id='word_1_341' title='bbox 2099 2348 2155 2418; x_wconf 83' lang='lat' dir='ltr'>pa·</span> 
     </span>
     <span class='ocr_line' id='line_1_52' title="bbox 1171 2424 2156 2518; baseline -0.002 -20"><span class='ocrx_word' id='word_1_342' title='bbox 1171 2442 1262 2499; x_wconf 87' lang='lat' dir='ltr'>trem</span> <span class='ocrx_word' id='word_1_343' title='bbox 1282 2438 1317 2496; x_wconf 93' lang='lat' dir='ltr'>et</span> <span class='ocrx_word' id='word_1_344' title='bbox 1329 2439 1500 2512; x_wconf 89' lang='lat' dir='ltr'>matrem,</span> <span class='ocrx_word' id='word_1_345' title='bbox 1526 2447 1679 2518; x_wconf 90' lang='lat' dir='ltr'>quorum</span> <span class='ocrx_word' id='word_1_346' title='bbox 1696 2424 1934 2516; x_wconf 88' lang='lat' dir='ltr'>appellatione</span> <span class='ocrx_word' id='word_1_347' title='bbox 1956 2426 2115 2498; x_wconf 84' lang='lat' dir='ltr'>sciamus</span> <span class='ocrx_word' id='word_1_348' title='bbox 2128 2440 2156 2496; x_wconf 88' lang='lat' dir='ltr'>et</span> 
     </span>
     <span class='ocr_line' id='line_1_53' title="bbox 1172 2525 2155 2621; baseline 0 -23"><span class='ocrx_word' id='word_1_349' title='bbox 1172 2531 1425 2621; x_wconf 87' lang='lat' dir='ltr'>gubernatores</span> <span class='ocrx_word' id='word_1_350' title='bbox 1440 2540 1475 2599; x_wconf 88' lang='lat' dir='ltr'>et</span> <span class='ocrx_word' id='word_1_351' title='bbox 1488 2529 1649 2598; x_wconf 85' lang='lat' dir='ltr'>doctores</span> <span class='ocrx_word' id='word_1_352' title='bbox 1671 2526 1859 2598; x_wconf 86' lang='lat' dir='ltr'>contineri.</span> <span class='ocrx_word' id='word_1_353' title='bbox 1909 2525 1959 2600; x_wconf 91' lang='lat' dir='ltr'>Et</span> <span class='ocrx_word' id='word_1_354' title='bbox 1982 2530 2059 2600; x_wconf 88' lang='lat' dir='ltr'>alio</span> <span class='ocrx_word' id='word_1_355' title='bbox 2085 2530 2155 2599; x_wconf 90' lang='lat' dir='ltr'>loco</span> 
     </span>
     <span class='ocr_line' id='line_1_54' title="bbox 1173 2626 2157 2704; baseline -0.005 -1"><span class='ocrx_word' id='word_1_356' title='bbox 1173 2631 1261 2704; x_wconf 88' lang='lat' dir='ltr'>dicit</span> <span class='ocrx_word' id='word_1_357' title='bbox 1278 2655 1346 2701; x_wconf 80' lang='lat' dir='ltr'>vor</span> <span class='ocrx_word' id='word_1_358' title='bbox 1363 2628 1540 2701; x_wconf 87' lang='lat' dir='ltr'>coelestis:</span> <span class='ocrx_word' id='word_1_359' title='bbox 1562 2626 1646 2698; x_wconf 88' lang='lat' dir='ltr'>Non</span> <span class='ocrx_word' id='word_1_360' title='bbox 1662 2630 1803 2699; x_wconf 90' lang='lat' dir='ltr'>recedet</span> <span class='ocrx_word' id='word_1_361' title='bbox 1818 2629 1953 2701; x_wconf 90' lang='lat' dir='ltr'>malum</span> <span class='ocrx_word' id='word_1_362' title='bbox 1977 2630 2012 2702; x_wconf 89' lang='lat' dir='ltr'>ei</span> <span class='ocrx_word' id='word_1_363' title='bbox 2034 2633 2157 2703; x_wconf 86' lang='lat' dir='ltr'>domus</span> 
     </span>
     <span class='ocr_line' id='line_1_55' title="bbox 1172 2727 2176 2824; baseline -0.002 -21"><span class='ocrx_word' id='word_1_364' title='bbox 1172 2733 1313 2824; x_wconf 86' lang='lat' dir='ltr'>ingrati.</span> <span class='ocrx_word' id='word_1_365' title='bbox 1352 2727 1439 2803; x_wconf 89' lang='lat' dir='ltr'>ldeo</span> <span class='ocrx_word' id='word_1_366' title='bbox 1453 2731 1664 2824; x_wconf 87' lang='lat' dir='ltr'>pollicemur</span> <span class='ocrx_word' id='word_1_367' title='bbox 1681 2745 1886 2823; x_wconf 87' lang='lat' dir='ltr'>perpetuam</span> <span class='ocrx_word' id='word_1_368' title='bbox 1904 2733 2156 2823; x_wconf 85' lang='lat' dir='ltr'>gratitudinem</span> <span class='ocrx_word' id='word_1_369' title='bbox 2174 2809 2176 2813; x_wconf 54' lang='grc'>,</span> 
     </span>
     <span class='ocr_line' id='line_1_56' title="bbox 1173 2828 2156 2929; baseline -0.003 -22"><span class='ocrx_word' id='word_1_370' title='bbox 1173 2851 1208 2908; x_wconf 91' lang='lat' dir='ltr'>et</span> <span class='ocrx_word' id='word_1_371' title='bbox 1231 2837 1395 2929; x_wconf 90' lang='lat' dir='ltr'>pietatem</span> <span class='ocrx_word' id='word_1_372' title='bbox 1418 2834 1550 2905; x_wconf 85' lang='lat' dir='ltr'>nostris</span> <span class='ocrx_word' id='word_1_373' title='bbox 1569 2828 1756 2919; x_wconf 86' lang='lat' dir='ltr'>Ecclesiis,</span> <span class='ocrx_word' id='word_1_374' title='bbox 1778 2834 1884 2904; x_wconf 85' lang='lat' dir='ltr'>scolis</span> <span class='ocrx_word' id='word_1_375' title='bbox 1903 2848 1938 2905; x_wconf 91' lang='lat' dir='ltr'>et</span> <span class='ocrx_word' id='word_1_376' title='bbox 1953 2830 2156 2906; x_wconf 83' lang='lat' dir='ltr'>formatori·</span> 
     </span>
     <span class='ocr_line' id='line_1_57' title="bbox 1172 2931 2156 3031; baseline -0.005 -21"><span class='ocrx_word' id='word_1_377' title='bbox 1172 2941 1240 3010; x_wconf 88' lang='lat' dir='ltr'>bus</span> <span class='ocrx_word' id='word_1_378' title='bbox 1271 2937 1497 3026; x_wconf 88' lang='lat' dir='ltr'>ingeniorum</span> <span class='ocrx_word' id='word_1_379' title='bbox 1529 2931 1754 3019; x_wconf 84' lang='lat' dir='ltr'>nostrornm,</span> <span class='ocrx_word' id='word_1_380' title='bbox 1788 2936 1851 3030; x_wconf 92' lang='lat' dir='ltr'>qui</span> <span class='ocrx_word' id='word_1_381' title='bbox 1874 2937 1981 3008; x_wconf 88' lang='lat' dir='ltr'>nobis</span> <span class='ocrx_word' id='word_1_382' title='bbox 2005 2939 2156 3031; x_wconf 84' lang='lat' dir='ltr'>optimas</span> 
     </span>
     <span class='ocr_line' id='line_1_58' title="bbox 1172 3029 2156 3130; baseline -0.004 -20"><span class='ocrx_word' id='word_1_383' title='bbox 1172 3039 1379 3130; x_wconf 89' lang='lat' dir='ltr'>disciplinas</span> <span class='ocrx_word' id='word_1_384' title='bbox 1402 3029 1575 3127; x_wconf 86' lang='lat' dir='ltr'>sin‘gulari</span> <span class='ocrx_word' id='word_1_385' title='bbox 1596 3037 1792 3123; x_wconf 85' lang='lat' dir='ltr'>industria,</span> <span class='ocrx_word' id='word_1_386' title='bbox 1822 3037 2008 3129; x_wconf 88' lang='lat' dir='ltr'>diligentia</span> <span class='ocrx_word' id='word_1_387' title='bbox 2032 3054 2071 3112; x_wconf 93' lang='lat' dir='ltr'>et</span> <span class='ocrx_word' id='word_1_388' title='bbox 2095 3039 2156 3110; x_wconf 85' lang='lat' dir='ltr'>fide</span> 
     </span>
     <span class='ocr_line' id='line_1_59' title="bbox 1173 3138 2156 3232; baseline -0.003 -18"><span class='ocrx_word' id='word_1_389' title='bbox 1173 3141 1407 3214; x_wconf 88' lang='lat' dir='ltr'>tradiderunt.</span> <span class='ocrx_word' id='word_1_390' title='bbox 1459 3138 1567 3228; x_wconf 91' lang='lat' dir='ltr'>Quod</span> <span class='ocrx_word' id='word_1_391' title='bbox 1583 3139 1739 3231; x_wconf 91' lang='lat' dir='ltr'>primum</span> <span class='ocrx_word' id='word_1_392' title='bbox 1756 3154 1892 3226; x_wconf 91' lang='lat' dir='ltr'>autem,</span> <span class='ocrx_word' id='word_1_393' title='bbox 1918 3142 2061 3232; x_wconf 88' lang='lat' dir='ltr'>agimus</span> <span class='ocrx_word' id='word_1_394' title='bbox 2082 3163 2156 3232; x_wconf 86' lang='lat' dir='ltr'>gra-</span> 
     </span>
     <span class='ocr_line' id='line_1_60' title="bbox 1171 3240 2156 3338; baseline -0.007 -21"><span class='ocrx_word' id='word_1_395' title='bbox 1171 3247 1239 3318; x_wconf 88' lang='lat' dir='ltr'>tias</span> <span class='ocrx_word' id='word_1_396' title='bbox 1260 3243 1337 3315; x_wconf 90' lang='lat' dir='ltr'>Deo</span> <span class='ocrx_word' id='word_1_397' title='bbox 1360 3257 1524 3327; x_wconf 88' lang='lat' dir='ltr'>aeterno,</span> <span class='ocrx_word' id='word_1_398' title='bbox 1549 3241 1643 3334; x_wconf 89' lang='lat' dir='ltr'>patri</span> <span class='ocrx_word' id='word_1_399' title='bbox 1665 3240 1804 3311; x_wconf 87' lang='lat' dir='ltr'>domini</span> <span class='ocrx_word' id='word_1_400' title='bbox 1827 3243 1941 3314; x_wconf 89' lang='lat' dir='ltr'>nostri</span> <span class='ocrx_word' id='word_1_401' title='bbox 1965 3242 1994 3314; x_wconf 91' lang='lat' dir='ltr'>l.</span> <span class='ocrx_word' id='word_1_402' title='bbox 2009 3240 2075 3330; x_wconf 85' lang='lat' dir='ltr'>C.,</span> <span class='ocrx_word' id='word_1_403' title='bbox 2101 3241 2156 3338; x_wconf 94' lang='lat' dir='ltr'>qui</span> 
     </span>
     <span class='ocr_line' id='line_1_61' title="bbox 1170 3342 2154 3442; baseline -0.003 -23"><span class='ocrx_word' id='word_1_404' title='bbox 1170 3374 1237 3442; x_wconf 89' lang='lat' dir='ltr'>pro</span> <span class='ocrx_word' id='word_1_405' title='bbox 1272 3346 1378 3417; x_wconf 91' lang='lat' dir='ltr'>nobis</span> <span class='ocrx_word' id='word_1_406' title='bbox 1412 3345 1525 3416; x_wconf 86' lang='lat' dir='ltr'>laetus</span> <span class='ocrx_word' id='word_1_407' title='bbox 1554 3356 1605 3414; x_wconf 89' lang='lat' dir='ltr'>est</span> <span class='ocrx_word' id='word_1_408' title='bbox 1626 3343 1792 3430; x_wconf 85' lang='lat' dir='ltr'>victima,</span> <span class='ocrx_word' id='word_1_409' title='bbox 1824 3358 1860 3415; x_wconf 87' lang='lat' dir='ltr'>et</span> <span class='ocrx_word' id='word_1_410' title='bbox 1881 3342 2088 3437; x_wconf 85' lang='lat' dir='ltr'>precamur,</span> <span class='ocrx_word' id='word_1_411' title='bbox 2120 3358 2154 3417; x_wconf 90' lang='lat' dir='ltr'>ut</span> 
     </span>
     <span class='ocr_line' id='line_1_62' title="bbox 1171 3446 2155 3542; baseline -0.005 -20"><span class='ocrx_word' id='word_1_412' title='bbox 1171 3465 1317 3542; x_wconf 86' lang='lat' dir='ltr'>propter</span> <span class='ocrx_word' id='word_1_413' title='bbox 1332 3447 1447 3517; x_wconf 86' lang='lat' dir='ltr'>filium</span> <span class='ocrx_word' id='word_1_414' title='bbox 1471 3470 1575 3518; x_wconf 88' lang='lat' dir='ltr'>suum</span> <span class='ocrx_word' id='word_1_415' title='bbox 1600 3446 1720 3515; x_wconf 88' lang='lat' dir='ltr'>omnia</span> <span class='ocrx_word' id='word_1_416' title='bbox 1742 3447 1859 3517; x_wconf 89' lang='lat' dir='ltr'>studia</span> <span class='ocrx_word' id='word_1_417' title='bbox 1882 3461 2005 3519; x_wconf 89' lang='lat' dir='ltr'>nostra</span> <span class='ocrx_word' id='word_1_418' title='bbox 2029 3449 2155 3538; x_wconf 89' lang='lat' dir='ltr'>guber-</span> 
     </span>
     <span class='ocr_line' id='line_1_63' title="bbox 1170 3546 2156 3638; baseline -0.004 -16"><span class='ocrx_word' id='word_1_419' title='bbox 1170 3566 1242 3622; x_wconf 88' lang='lat' dir='ltr'>net.</span> <span class='ocrx_word' id='word_1_420' title='bbox 1299 3547 1439 3621; x_wconf 89' lang='lat' dir='ltr'>Deinde</span> <span class='ocrx_word' id='word_1_421' title='bbox 1462 3548 1597 3638; x_wconf 88' lang='lat' dir='ltr'>agimus</span> <span class='ocrx_word' id='word_1_422' title='bbox 1628 3546 1757 3637; x_wconf 89' lang='lat' dir='ltr'>gratias</span> <span class='ocrx_word' id='word_1_423' title='bbox 1782 3547 2028 3621; x_wconf 89' lang='lat' dir='ltr'>lllustrissimo</span> <span class='ocrx_word' id='word_1_424' title='bbox 2052 3547 2156 3619; x_wconf 85' lang='lat' dir='ltr'>Prin-</span> 
     </span>
     <span class='ocr_line' id='line_1_64' title="bbox 1172 3645 2156 3747; baseline -0.004 -23"><span class='ocrx_word' id='word_1_425' title='bbox 1172 3655 1243 3747; x_wconf 89' lang='lat' dir='ltr'>cipi</span> <span class='ocrx_word' id='word_1_426' title='bbox 1268 3649 1445 3735; x_wconf 87' lang='lat' dir='ltr'>Electori,</span> <span class='ocrx_word' id='word_1_427' title='bbox 1479 3647 1573 3719; x_wconf 90' lang='lat' dir='ltr'>Duci</span> <span class='ocrx_word' id='word_1_428' title='bbox 1595 3648 1788 3738; x_wconf 83' lang='lat' dir='ltr'>Saxoniae,</span> <span class='ocrx_word' id='word_1_429' title='bbox 1820 3652 1884 3747; x_wconf 91' lang='lat' dir='ltr'>qui</span> <span class='ocrx_word' id='word_1_430' title='bbox 1912 3645 2006 3723; x_wconf 86' lang='lat' dir='ltr'>hane</span> <span class='ocrx_word' id='word_1_431' title='bbox 2027 3650 2156 3722; x_wconf 86' lang='lat' dir='ltr'>scolam</span> 
     </span>
     <span class='ocr_line' id='line_1_65' title="bbox 1171 3752 2155 3849; baseline -0.005 -22"><span class='ocrx_word' id='word_1_432' title='bbox 1171 3760 1215 3827; x_wconf 91' lang='lat' dir='ltr'>ad</span> <span class='ocrx_word' id='word_1_433' title='bbox 1241 3755 1418 3849; x_wconf 89' lang='lat' dir='ltr'>publicam</span> <span class='ocrx_word' id='word_1_434' title='bbox 1437 3752 1628 3823; x_wconf 91' lang='lat' dir='ltr'>utilitatem</span> <span class='ocrx_word' id='word_1_435' title='bbox 1651 3766 1787 3839; x_wconf 91' lang='lat' dir='ltr'>tuetur,</span> <span class='ocrx_word' id='word_1_436' title='bbox 1820 3767 1860 3824; x_wconf 90' lang='lat' dir='ltr'>ut</span> <span class='ocrx_word' id='word_1_437' title='bbox 1881 3755 2035 3824; x_wconf 84' lang='lat' dir='ltr'>maxime</span> <span class='ocrx_word' id='word_1_438' title='bbox 2062 3756 2155 3825; x_wconf 88' lang='lat' dir='ltr'>decet</span> 
     </span>
     <span class='ocr_line' id='line_1_66' title="bbox 1171 3850 2156 3948; baseline -0.005 -18"><span class='ocrx_word' id='word_1_439' title='bbox 1171 3861 1283 3930; x_wconf 90' lang='lat' dir='ltr'>bonos</span> <span class='ocrx_word' id='word_1_440' title='bbox 1300 3870 1335 3928; x_wconf 97' lang='lat' dir='ltr'>et</span> <span class='ocrx_word' id='word_1_441' title='bbox 1349 3855 1518 3925; x_wconf 89' lang='lat' dir='ltr'>salutares</span> <span class='ocrx_word' id='word_1_442' title='bbox 1533 3854 1725 3948; x_wconf 89' lang='lat' dir='ltr'>principes.</span> <span class='ocrx_word' id='word_1_443' title='bbox 1776 3850 1929 3946; x_wconf 80' lang='lat' dir='ltr'>Agimus</span> <span class='ocrx_word' id='word_1_444' title='bbox 1954 3857 2065 3927; x_wconf 90' lang='lat' dir='ltr'>etiam</span> <span class='ocrx_word' id='word_1_445' title='bbox 2083 3879 2156 3947; x_wconf 85' lang='lat' dir='ltr'>gra-</span> 
     </span>
    </p>
   </div>
   <div class='ocr_carea' id='block_1_16' title="bbox 131 3938 2155 4066">
    <p class='ocr_par' dir='ltr' id='par_1_16' title="bbox 131 3938 2155 4066">
     <span class='ocr_line' id='line_1_67' title="bbox 131 3938 2155 4066; baseline -0.004 -15"><span class='ocrx_word' id='word_1_446' title='bbox 131 3979 249 4051; x_wconf 81' lang='lat' dir='ltr'>ficatio</span> <span class='ocrx_word' id='word_1_447' title='bbox 265 3975 461 4048; x_wconf 84' lang='lat' dir='ltr'>voluntatis</span> <span class='ocrx_word' id='word_1_448' title='bbox 483 3985 625 4045; x_wconf 89' lang='lat' dir='ltr'>nostrae</span> <span class='ocrx_word' id='word_1_449' title='bbox 640 3974 792 4066; x_wconf 86' lang='lat' dir='ltr'>exempli</span> <span class='ocrx_word' id='word_1_450' title='bbox 809 3997 911 4044; x_wconf 89' lang='lat' dir='ltr'>eausa</span> <span class='ocrx_word' id='word_1_451' title='bbox 928 3975 1118 4065; x_wconf 87' lang='lat' dir='ltr'>flagitatur,</span> <span class='ocrx_word' id='word_1_452' title='bbox 1170 3963 1237 4033; x_wconf 64' lang='lat'>15³⁸</span> <span class='ocrx_word' id='word_1_453' title='bbox 1268 3938 1453 4049; x_wconf 49' lang='lat' dir='ltr'>magnifici</span> <span class='ocrx_word' id='word_1_454' title='bbox 1485 3957 1633 4027; x_wconf 72' lang='lat' dir='ltr'>d⁰¹¹¹3¹¹⁰</span> <span class='ocrx_word' id='word_1_455' title='bbox 1661 3953 1823 4029; x_wconf 60' lang='lat' dir='ltr'>Remis</span> <span class='ocrx_word' id='word_1_456' title='bbox 1845 3970 1881 4028; x_wconf 72' lang='grc' dir='ltr'>θῐ</span> <span class='ocrx_word' id='word_1_457' title='bbox 1913 3959 2155 4030; x_wconf 69' lang='lat' dir='ltr'>5¹¹U³ffl⁸⁸i¹⁰⁰</span> 
     </span>
    </p>
   </div>
   <div class='ocr_carea' id='block_1_17' title="bbox 132 4050 2157 5104">
    <p class='ocr_par' dir='ltr' id='par_1_17' title="bbox 132 4050 2157 4784">
     <span class='ocr_line' id='line_1_68' title="bbox 132 4050 2157 4178; baseline -0.005 -24"><span class='ocrx_word' id='word_1_458' title='bbox 132 4079 286 4174; x_wconf 89' lang='lat' dir='ltr'>optarim</span> <span class='ocrx_word' id='word_1_459' title='bbox 311 4092 430 4151; x_wconf 86' lang='lat' dir='ltr'>tamen</span> <span class='ocrx_word' id='word_1_460' title='bbox 452 4101 510 4148; x_wconf 94' lang='lat' dir='ltr'>me</span> <span class='ocrx_word' id='word_1_461' title='bbox 532 4099 633 4169; x_wconf 91' lang='lat' dir='ltr'>posse</span> <span class='ocrx_word' id='word_1_462' title='bbox 656 4077 834 4168; x_wconf 86' lang='lat' dir='ltr'>copiosius</span> <span class='ocrx_word' id='word_1_463' title='bbox 854 4079 898 4146; x_wconf 91' lang='lat' dir='ltr'>de</span> <span class='ocrx_word' id='word_1_464' title='bbox 923 4073 980 4146; x_wconf 89' lang='lat' dir='ltr'>his</span> <span class='ocrx_word' id='word_1_465' title='bbox 1009 4079 1117 4150; x_wconf 91' lang='lat' dir='ltr'>bene·</span> <span class='ocrx_word' id='word_1_466' title='bbox 1170 4060 1346 4154; x_wconf 76' lang='lat' dir='ltr'>principi,</span> <span class='ocrx_word' id='word_1_467' title='bbox 1379 4060 1537 4178; x_wconf 43' lang='lat' dir='ltr'>d⁰ml¹¹⁰·</span> <span class='ocrx_word' id='word_1_468' title='bbox 1559 4050 1711 4145; x_wconf 68' lang='lat' dir='ltr'><em>0¹¹⁰m⁰2</em></span> <span class='ocrx_word' id='word_1_469' title='bbox 1747 4055 1840 4178; x_wconf 53' lang='lat' dir='ltr'>{luti</span> <span class='ocrx_word' id='word_1_470' title='bbox 1875 4058 2157 4152; x_wconf 63' lang='lat' dir='ltr'>Lmteburssfflli,</span> 
     </span>
     <span class='ocr_line' id='line_1_69' title="bbox 132 4162 2156 4257; baseline -0.011 -2"><span class='ocrx_word' id='word_1_471' title='bbox 132 4184 222 4255; x_wconf 83' lang='lat' dir='ltr'>ficiis</span> <span class='ocrx_word' id='word_1_472' title='bbox 237 4179 403 4253; x_wconf 89' lang='lat' dir='ltr'>literariis</span> <span class='ocrx_word' id='word_1_473' title='bbox 415 4180 543 4250; x_wconf 86' lang='lat' dir='ltr'>dicere.</span> <span class='ocrx_word' id='word_1_474' title='bbox 583 4173 686 4251; x_wconf 93' lang='lat' dir='ltr'>Nihil</span> <span class='ocrx_word' id='word_1_475' title='bbox 701 4179 816 4250; x_wconf 87' lang='lat' dir='ltr'>maius</span> <span class='ocrx_word' id='word_1_476' title='bbox 830 4191 892 4250; x_wconf 88' lang='lat' dir='ltr'>ant</span> <span class='ocrx_word' id='word_1_477' title='bbox 907 4179 1034 4251; x_wconf 88' lang='lat' dir='ltr'>melius</span> <span class='ocrx_word' id='word_1_478' title='bbox 1050 4175 1117 4251; x_wconf 91' lang='lat' dir='ltr'>ho-</span> <span class='ocrx_word' id='word_1_479' title='bbox 1170 4179 1206 4237; x_wconf 71' lang='lat' dir='ltr'>0t</span> <span class='ocrx_word' id='word_1_480' title='bbox 1221 4164 1401 4257; x_wconf 63' lang='lat' dir='ltr'>generosis</span> <span class='ocrx_word' id='word_1_481' title='bbox 1417 4162 1607 4233; x_wconf 68' lang='lat' dir='ltr'>comlllbus</span> <span class='ocrx_word' id='word_1_482' title='bbox 1629 4175 1665 4233; x_wconf 73' lang='lat' dir='ltr'>et</span> <span class='ocrx_word' id='word_1_483' title='bbox 1686 4162 1891 4232; x_wconf 67' lang='lat' dir='ltr'>clanssimis</span> <span class='ocrx_word' id='word_1_484' title='bbox 1912 4163 2073 4234; x_wconf 87' lang='lat' dir='ltr'>dominis</span> <span class='ocrx_word' id='word_1_485' title='bbox 2095 4165 2156 4235; x_wconf 91' lang='lat' dir='ltr'>do·</span> 
     </span>
     <span class='ocr_line' id='line_1_70' title="bbox 133 4259 2155 4376; baseline -0.012 -20"><span class='ocrx_word' id='word_1_486' title='bbox 133 4312 193 4358; x_wconf 91' lang='lat' dir='ltr'>mo</span> <span class='ocrx_word' id='word_1_487' title='bbox 215 4280 357 4355; x_wconf 89' lang='lat' dir='ltr'>homini</span> <span class='ocrx_word' id='word_1_488' title='bbox 377 4281 561 4373; x_wconf 89' lang='lat' dir='ltr'>impertire</span> <span class='ocrx_word' id='word_1_489' title='bbox 577 4292 712 4373; x_wconf 88' lang='lat' dir='ltr'>potest,</span> <span class='ocrx_word' id='word_1_490' title='bbox 738 4304 846 4376; x_wconf 91' lang='lat' dir='ltr'>qnam</span> <span class='ocrx_word' id='word_1_491' title='bbox 861 4306 981 4352; x_wconf 74' lang='lat' dir='ltr'>veram</span> <span class='ocrx_word' id='word_1_492' title='bbox 1005 4296 1039 4353; x_wconf 73' lang='lat' dir='ltr'>et</span> <span class='ocrx_word' id='word_1_493' title='bbox 1061 4307 1118 4353; x_wconf 58' lang='grc' dir='ltr'>ῃ.</span> <span class='ocrx_word' id='word_1_494' title='bbox 1170 4268 1329 4339; x_wconf 88' lang='lat' dir='ltr'>ctoribus</span> <span class='ocrx_word' id='word_1_495' title='bbox 1350 4279 1384 4335; x_wconf 91' lang='lat' dir='ltr'>et</span> <span class='ocrx_word' id='word_1_496' title='bbox 1401 4263 1690 4356; x_wconf 88' lang='lat' dir='ltr'>praeceptoribus</span> <span class='ocrx_word' id='word_1_497' title='bbox 1711 4265 1866 4351; x_wconf 85' lang='lat' dir='ltr'>nostris,</span> <span class='ocrx_word' id='word_1_498' title='bbox 1889 4279 1923 4337; x_wconf 88' lang='lat' dir='ltr'>et</span> <span class='ocrx_word' id='word_1_499' title='bbox 1947 4259 2155 4337; x_wconf 85' lang='lat' dir='ltr'>honestissi-</span> 
     </span>
     <span class='ocr_line' id='line_1_71' title="bbox 133 4363 2155 4477; baseline -0.008 -18"><span class='ocrx_word' id='word_1_500' title='bbox 133 4391 285 4461; x_wconf 90' lang='lat' dir='ltr'>lutarem</span> <span class='ocrx_word' id='word_1_501' title='bbox 296 4385 494 4457; x_wconf 88' lang='lat' dir='ltr'>doctrinam</span> <span class='ocrx_word' id='word_1_502' title='bbox 509 4383 665 4477; x_wconf 89' lang='lat' dir='ltr'>primum</span> <span class='ocrx_word' id='word_1_503' title='bbox 680 4384 725 4453; x_wconf 93' lang='lat' dir='ltr'>de</span> <span class='ocrx_word' id='word_1_504' title='bbox 737 4383 922 4473; x_wconf 89' lang='lat' dir='ltr'>religione,</span> <span class='ocrx_word' id='word_1_505' title='bbox 939 4384 1070 4455; x_wconf 89' lang='lat' dir='ltr'>deinde</span> <span class='ocrx_word' id='word_1_506' title='bbox 1083 4399 1118 4456; x_wconf 94' lang='lat' dir='ltr'>et</span> <span class='ocrx_word' id='word_1_507' title='bbox 1170 4396 1228 4441; x_wconf 79' lang='lat'>¹1¹⁰</span> <span class='ocrx_word' id='word_1_508' title='bbox 1246 4365 1647 4456; x_wconf 61' lang='lat' dir='ltr'>COGlUlMsssslssiffll-uffls</span> <span class='ocrx_word' id='word_1_509' title='bbox 1672 4367 1851 4437; x_wconf 63' lang='lat' dir='ltr'>nobilium</span> <span class='ocrx_word' id='word_1_510' title='bbox 1869 4381 1905 4438; x_wconf 73' lang='lat' dir='ltr'>el</span> <span class='ocrx_word' id='word_1_511' title='bbox 1919 4363 2155 4441; x_wconf 72' lang='lat' dir='ltr'>scholastico·</span> 
     </span>
     <span class='ocr_line' id='line_1_72' title="bbox 133 4462 2155 4565; baseline -0.006 -3"><span class='ocrx_word' id='word_1_512' title='bbox 133 4495 179 4562; x_wconf 91' lang='lat' dir='ltr'>de</span> <span class='ocrx_word' id='word_1_513' title='bbox 204 4488 349 4560; x_wconf 86' lang='lat' dir='ltr'>caeteris</span> <span class='ocrx_word' id='word_1_514' title='bbox 370 4488 506 4559; x_wconf 89' lang='lat' dir='ltr'>artibus</span> <span class='ocrx_word' id='word_1_515' title='bbox 529 4486 623 4556; x_wconf 88' lang='lat' dir='ltr'>vitae</span> <span class='ocrx_word' id='word_1_516' title='bbox 645 4486 863 4555; x_wconf 86' lang='lat' dir='ltr'>necessariis.</span> <span class='ocrx_word' id='word_1_517' title='bbox 919 4484 1011 4556; x_wconf 88' lang='lat' dir='ltr'>Nam</span> <span class='ocrx_word' id='word_1_518' title='bbox 1040 4487 1117 4558; x_wconf 88' lang='lat' dir='ltr'>sine</span> <span class='ocrx_word' id='word_1_519' title='bbox 1169 4497 1269 4558; x_wconf 67' lang='lat' dir='ltr'>mma</span> <span class='ocrx_word' id='word_1_520' title='bbox 1302 4462 2155 4565; x_wconf 58' lang='lat' dir='ltr'>‘lni&#39;h000fl‘ss081flcausammenemnhti</span> 
     </span>
     <span class='ocr_line' id='line_1_73' title="bbox 134 4567 1895 4666; baseline -0.004 -4"><span class='ocrx_word' id='word_1_521' title='bbox 134 4587 191 4662; x_wconf 87' lang='lat' dir='ltr'>bis</span> <span class='ocrx_word' id='word_1_522' title='bbox 216 4590 322 4662; x_wconf 91' lang='lat' dir='ltr'>bonis</span> <span class='ocrx_word' id='word_1_523' title='bbox 344 4584 534 4660; x_wconf 89' lang='lat' dir='ltr'>hominnm</span> <span class='ocrx_word' id='word_1_524' title='bbox 557 4586 631 4657; x_wconf 88' lang='lat' dir='ltr'>vita</span> <span class='ocrx_word' id='word_1_525' title='bbox 653 4582 748 4656; x_wconf 88' lang='lat' dir='ltr'>nibil</span> <span class='ocrx_word' id='word_1_526' title='bbox 776 4587 928 4659; x_wconf 89' lang='lat' dir='ltr'>distata</span> <span class='ocrx_word' id='word_1_527' title='bbox 961 4590 1117 4666; x_wconf 89' lang='lat' dir='ltr'>beluina.</span> <span class='ocrx_word' id='word_1_528' title='bbox 1170 4587 1291 4646; x_wconf 69' lang='lat' dir='ltr'>¹¹⁰⁸lr³</span> <span class='ocrx_word' id='word_1_529' title='bbox 1308 4570 1423 4643; x_wconf 67' lang='lat' dir='ltr'>0ffi⁰l³</span> <span class='ocrx_word' id='word_1_530' title='bbox 1440 4572 1489 4642; x_wconf 68' lang='lat'>05⁵</span> <span class='ocrx_word' id='word_1_531' title='bbox 1509 4569 1711 4643; x_wconf 60' lang='lat' dir='ltr'>defeflfflffi·</span> <span class='ocrx_word' id='word_1_532' title='bbox 1762 4567 1895 4655; x_wconf 52' lang='grc' dir='ltr'>ΠΜ,</span> 
     </span>
     <span class='ocr_line' id='line_1_74' title="bbox 134 4683 1117 4784; baseline 0 -20"><span class='ocrx_word' id='word_1_533' title='bbox 134 4693 220 4765; x_wconf 92' lang='lat' dir='ltr'>ldeo</span> <span class='ocrx_word' id='word_1_534' title='bbox 254 4690 416 4763; x_wconf 87' lang='lat' dir='ltr'>condidit</span> <span class='ocrx_word' id='word_1_535' title='bbox 435 4689 533 4762; x_wconf 91' lang='lat' dir='ltr'>Deus</span> <span class='ocrx_word' id='word_1_536' title='bbox 558 4712 669 4781; x_wconf 85' lang='lat' dir='ltr'>genus</span> <span class='ocrx_word' id='word_1_537' title='bbox 695 4683 913 4772; x_wconf 86' lang='lat' dir='ltr'>humanum,</span> <span class='ocrx_word' id='word_1_538' title='bbox 944 4704 987 4763; x_wconf 93' lang='lat' dir='ltr'>ut</span> <span class='ocrx_word' id='word_1_539' title='bbox 1006 4693 1117 4784; x_wconf 89' lang='lat' dir='ltr'>ipsius</span> 
     </span>
    </p>

    <p class='ocr_par' dir='ltr' id='par_1_18' title="bbox 133 4791 1118 4879">
     <span class='ocr_line' id='line_1_75' title="bbox 133 4791 1118 4879; baseline -0.002 -12"><span class='ocrx_word' id='word_1_540' title='bbox 133 4794 271 4866; x_wconf 76' lang='lat' dir='ltr'>noticia</span> <span class='ocrx_word' id='word_1_541' title='bbox 293 4793 332 4862; x_wconf 93' lang='lat' dir='ltr'>in</span> <span class='ocrx_word' id='word_1_542' title='bbox 354 4793 535 4864; x_wconf 90' lang='lat' dir='ltr'>mentibus</span> <span class='ocrx_word' id='word_1_543' title='bbox 551 4792 683 4863; x_wconf 86' lang='lat' dir='ltr'>nostris</span> <span class='ocrx_word' id='word_1_544' title='bbox 703 4791 836 4879; x_wconf 84' lang='lat' dir='ltr'>luceat,</span> <span class='ocrx_word' id='word_1_545' title='bbox 862 4807 901 4863; x_wconf 89' lang='lat' dir='ltr'>ut</span> <span class='ocrx_word' id='word_1_546' title='bbox 915 4793 991 4864; x_wconf 88' lang='lat' dir='ltr'>eius</span> <span class='ocrx_word' id='word_1_547' title='bbox 1012 4796 1118 4865; x_wconf 90' lang='lat' dir='ltr'>boni-</span> 
     </span>
    </p>

    <p class='ocr_par' dir='ltr' id='par_1_19' title="bbox 133 4892 1117 4988">
     <span class='ocr_line' id='line_1_76' title="bbox 133 4892 1117 4988; baseline -0.002 -18"><span class='ocrx_word' id='word_1_548' title='bbox 133 4912 186 4970; x_wconf 89' lang='lat' dir='ltr'>tas</span> <span class='ocrx_word' id='word_1_549' title='bbox 202 4896 416 4976; x_wconf 89' lang='lat' dir='ltr'>celebretur,</span> <span class='ocrx_word' id='word_1_550' title='bbox 442 4894 597 4988; x_wconf 91' lang='lat' dir='ltr'>deuique</span> <span class='ocrx_word' id='word_1_551' title='bbox 613 4907 654 4964; x_wconf 95' lang='lat' dir='ltr'>ut</span> <span class='ocrx_word' id='word_1_552' title='bbox 675 4892 787 4965; x_wconf 89' lang='lat' dir='ltr'>simus</span> <span class='ocrx_word' id='word_1_553' title='bbox 808 4895 980 4984; x_wconf 84' lang='lat' dir='ltr'>imagines</span> <span class='ocrx_word' id='word_1_554' title='bbox 994 4893 1063 4967; x_wconf 89' lang='lat' dir='ltr'>Dei</span> <span class='ocrx_word' id='word_1_555' title='bbox 1085 4911 1117 4968; x_wconf 91' lang='lat' dir='ltr'>et</span> 
     </span>
    </p>

    <p class='ocr_par' dir='ltr' id='par_1_20' title="bbox 133 4994 1326 5104">
     <span class='ocr_line' id='line_1_77' title="bbox 133 4994 1326 5104; baseline -0.004 -32"><span class='ocrx_word' id='word_1_556' title='bbox 133 4999 342 5095; x_wconf 87' lang='lat' dir='ltr'>participes,</span> <span class='ocrx_word' id='word_1_557' title='bbox 383 5009 424 5067; x_wconf 95' lang='lat' dir='ltr'>ut</span> <span class='ocrx_word' id='word_1_558' title='bbox 453 4994 580 5068; x_wconf 87' lang='lat' dir='ltr'>Petrus</span> <span class='ocrx_word' id='word_1_559' title='bbox 606 4996 746 5090; x_wconf 87' lang='lat' dir='ltr'>inquit,</span> <span class='ocrx_word' id='word_1_560' title='bbox 781 4996 925 5068; x_wconf 88' lang='lat' dir='ltr'>divinae</span> <span class='ocrx_word' id='word_1_561' title='bbox 957 5012 1117 5072; x_wconf 88' lang='lat' dir='ltr'>naturae.</span> <span class='ocrx_word' id='word_1_562' title='bbox 1181 5029 1249 5101; x_wconf 45' lang='lat' dir='ltr'>No,</span> <span class='ocrx_word' id='word_1_563' title='bbox 1263 5030 1326 5104; x_wconf 49' lang='lat'>21·</span> 
     </span>
    </p>
   </div>
   <div class='ocr_carea' id='block_1_18' title="bbox 1182 5036 2155 5159">
    <p class='ocr_par' dir='ltr' id='par_1_21' title="bbox 1182 5036 2155 5159">
     <span class='ocr_line' id='line_1_78' title="bbox 1984 5036 2155 5106; baseline 0.018 -5"><span class='ocrx_word' id='word_1_564' title='bbox 1984 5059 2037 5106; x_wconf 83' lang='lat' dir='ltr'>en.</span> <span class='ocrx_word' id='word_1_565' title='bbox 2066 5036 2155 5104; x_wconf 76' lang='lat'>154⁶.</span> 
     </span>
     <span class='ocr_line' id='line_1_79' title="bbox 1182 5111 2152 5159; baseline -0.002 2"><span class='ocrx_word' id='word_1_566' title='bbox 1182 5122 1352 5155; x_wconf 63' lang='grc' dir='ltr'>»ον-ν</span> <span class='ocrx_word' id='word_1_567' title='bbox 1448 5111 1453 5127; x_wconf 89' lang='grc'><strong>’</strong></span> <span class='ocrx_word' id='word_1_568' title='bbox 1990 5126 2152 5159; x_wconf 62' lang='grc' dir='ltr'>»σν-</span> 
     </span>
    </p>
   </div>
   <div class='ocr_carea' id='block_1_19' title="bbox 130 5173 328 5190">
    <p class='ocr_par' dir='ltr' id='par_1_22' title="bbox 130 5173 328 5190">
     <span class='ocr_line' id='line_1_80' title="bbox 130 5173 328 5190; baseline -0.01 -3"><span class='ocrx_word' id='word_1_569' title='bbox 130 5173 328 5190; x_wconf 64' lang='grc' dir='ltr'>...ο-ιι..-</span> 
     </span>
    </p>
   </div>
   <div class='ocr_carea' id='block_1_20' title="bbox 169 5255 1117 5397">
    <p class='ocr_par' dir='ltr' id='par_1_23' title="bbox 169 5255 1117 5397">
     <span class='ocr_line' id='line_1_81' title="bbox 169 5255 1117 5334; baseline 0 -19"><span class='ocrx_word' id='word_1_570' title='bbox 169 5260 199 5330; x_wconf 70' lang='lat' dir='ltr'>*l</span> <span class='ocrx_word' id='word_1_571' title='bbox 218 5259 293 5314; x_wconf 86' lang='lat' dir='ltr'>llier.</span> <span class='ocrx_word' id='word_1_572' title='bbox 314 5256 475 5324; x_wconf 83' lang='lat' dir='ltr'>Scbreiber,</span> <span class='ocrx_word' id='word_1_573' title='bbox 505 5255 760 5328; x_wconf 77' lang='lat' dir='ltr'>Norimbergensis,</span> <span class='ocrx_word' id='word_1_574' title='bbox 783 5256 974 5312; x_wconf 82' lang='lat' dir='ltr'>Melantboois</span> <span class='ocrx_word' id='word_1_575' title='bbox 994 5260 1117 5334; x_wconf 82' lang='lat' dir='ltr'>discipu-</span> 
     </span>
     <span class='ocr_line' id='line_1_82' title="bbox 203 5325 1117 5397; baseline 0.003 -15"><span class='ocrx_word' id='word_1_576' title='bbox 203 5327 261 5396; x_wconf 86' lang='lat' dir='ltr'>los,</span> <span class='ocrx_word' id='word_1_577' title='bbox 281 5345 374 5383; x_wconf 83' lang='lat' dir='ltr'>eomes</span> <span class='ocrx_word' id='word_1_578' title='bbox 386 5325 490 5379; x_wconf 89' lang='lat' dir='ltr'>itineris</span> <span class='ocrx_word' id='word_1_579' title='bbox 504 5326 578 5397; x_wconf 88' lang='lat' dir='ltr'>quod</span> <span class='ocrx_word' id='word_1_580' title='bbox 594 5325 755 5380; x_wconf 85' lang='lat' dir='ltr'>Melantbon</span> <span class='ocrx_word' id='word_1_581' title='bbox 770 5346 796 5382; x_wconf 82' lang='lat' dir='ltr'>a.</span> <span class='ocrx_word' id='word_1_582' title='bbox 819 5325 897 5384; x_wconf 76' lang='lat' dir='ltr'>tots.</span> <span class='ocrx_word' id='word_1_583' title='bbox 909 5328 1054 5385; x_wconf 84' lang='lat' dir='ltr'>Coloniam</span> <span class='ocrx_word' id='word_1_584' title='bbox 1074 5331 1117 5385; x_wconf 81' lang='lat' dir='ltr'>lc·</span> 
     </span>
    </p>
   </div>
   <div class='ocr_carea' id='block_1_21' title="bbox 66 5375 506 5469">
    <p class='ocr_par' dir='ltr' id='par_1_24' title="bbox 66 5375 506 5469">
     <span class='ocr_line' id='line_1_83' title="bbox 66 5375 506 5469; baseline -0.005 -15"><span class='ocrx_word' id='word_1_585' title='bbox 66 5375 70 5384; x_wconf 59' lang='lat'>.</span> <span class='ocrx_word' id='word_1_586' title='bbox 192 5397 249 5465; x_wconf 70' lang='lat' dir='ltr'>eit.</span> <span class='ocrx_word' id='word_1_587' title='bbox 286 5395 350 5452; x_wconf 82' lang='lat' dir='ltr'>Vid.</span> <span class='ocrx_word' id='word_1_588' title='bbox 362 5413 424 5469; x_wconf 87' lang='lat' dir='ltr'>epp.</span> <span class='ocrx_word' id='word_1_589' title='bbox 437 5395 506 5452; x_wconf 82' lang='lat' dir='ltr'>Mel.</span> 
     </span>
    </p>
   </div>
   <div class='ocr_carea' id='block_1_22' title="bbox 1271 5254 1861 5328">
    <p class='ocr_par' dir='ltr' id='par_1_25' title="bbox 1271 5254 1861 5328">
     <span class='ocr_line' id='line_1_84' title="bbox 1271 5254 1861 5328; baseline 0.002 -17"><span class='ocrx_word' id='word_1_590' title='bbox 1271 5257 1304 5311; x_wconf 93' lang='lat' dir='ltr'>ln</span> <span class='ocrx_word' id='word_1_591' title='bbox 1319 5255 1431 5326; x_wconf 80' lang='lat' dir='ltr'>Quaest.</span> <span class='ocrx_word' id='word_1_592' title='bbox 1444 5255 1479 5311; x_wconf 84' lang='lat' dir='ltr'>ab</span> <span class='ocrx_word' id='word_1_593' title='bbox 1492 5254 1581 5312; x_wconf 83' lang='lat' dir='ltr'>Ebero</span> <span class='ocrx_word' id='word_1_594' title='bbox 1595 5254 1673 5310; x_wconf 84' lang='lat' dir='ltr'>editis</span> <span class='ocrx_word' id='word_1_595' title='bbox 1691 5274 1718 5327; x_wconf 82' lang='lat' dir='ltr'>p.</span> <span class='ocrx_word' id='word_1_596' title='bbox 1739 5256 1789 5311; x_wconf 80' lang='lat'>1⁷6</span> <span class='ocrx_word' id='word_1_597' title='bbox 1801 5275 1861 5328; x_wconf 78' lang='lat' dir='ltr'>sqq.</span> 
     </span>
    </p>
   </div>
   <div class='ocr_carea' id='block_1_23' title="bbox 0 0 2290 5760">
    <p class='ocr_par' dir='ltr' id='par_1_26' title="bbox 0 0 2290 5760">
     <span class='ocr_line' id='line_1_85' title="bbox 0 0 2290 5760; baseline 0 0"><span class='ocrx_word' id='word_1_598' title='bbox 0 0 2290 5760; x_wconf 95' lang='lat' dir='ltr'> </span> 
     </span>
    </p>
   </div>
  </div>
 </body>
</html>
