1467 1596
241 150 354 175 perniciosus
361 149 426 168 studiis
432 152 449 167 et
456 149 552 168 iuventuti.
577 148 624 167 Nam
631 149 662 172 qui
670 148 740 171 regulas

243 175 335 200 ignorant,
351 175 421 194 etiamsi
435 179 526 198 utcunque
540 175 636 192 verborum
647 174 698 197 copia
710 174 740 191 iu-

242 202 305 221 ntrueti
316 205 366 223 nunt,
382 205 442 219 tamen
455 206 492 218 non
506 205 575 223 semper
585 203 653 217 norunt
662 205 683 217 ea
693 202 740 217 recte

242 231 340 246 contexere.
358 226 382 245 Et
390 232 430 244 cum
439 226 461 243 de
469 226 543 249 Syntaxi
551 225 639 246 dubitant,
652 224 694 242 haec
702 225 740 247 ipsa

243 253 337 271 haesitatio
343 253 420 270 deterret
426 257 456 269 eos
463 257 486 269 ne
493 252 548 269 latine
555 251 653 274 loquantur
659 254 690 269 aut
697 250 741 268 scri-

244 280 294 298 bant,
306 284 327 295 ae
333 278 386 296 multi
395 278 466 296 tandem
473 280 546 300 propter
552 275 599 294 hanc
607 276 662 299 ipsam
670 282 740 294 causam

244 305 337 327 desperato
353 303 412 321 fructu
430 303 540 324 studiorum,
563 302 648 320 deserunt
665 300 740 319 scholas.

244 329 334 347 Volumus
345 328 400 351 igitur
411 328 480 351 regulas
492 327 622 346 Grammatico
634 331 651 346 et
663 327 741 350 proponi

245 358 263 373 et
270 354 319 372 disci.

294 383 358 402 Sermo
370 383 423 400 etiam
434 382 538 400 formandus
551 386 586 404 cst,
603 382 643 400 ideo
655 385 741 405 cogantur

245 410 297 434 pueri
308 409 363 427 latine
374 408 433 431 loqui,
443 411 460 425 et
470 408 544 430 siugulis
553 408 656 431 septimanis
664 408 741 425 seribere

244 439 274 454 aut
282 434 372 458 epistola»,
384 436 416 451 not
422 433 533 451 nar-aciones
542 434 595 451 aetati
603 433 734 451 couvenientes.

294 464 318 482 Et
326 469 428 488 qnanqnam
441 468 477 480 non
486 468 548 480 omnes
560 466 633 480 naturae
643 463 681 486 pari
689 463 741 480 foeti-

243 490 295 508 citate
303 495 374 507 oar-rnen
381 489 456 506 sundere
465 492 545 511 possunt,
557 492 616 506 tamen
624 489 666 512 quia
675 488 740 506 Gram-

243 514 304 533 mutiet
311 514 393 532 meliores
401 513 453 534 fiunt,
466 513 497 536 qui
508 518 569 529 versus
578 514 690 530 mediocriter
697 514 741 530 set-i-

244 541 299 561 bunt,
312 543 329 557 et
337 538 366 557 hic
374 539 425 556 labor
433 538 504 560 ingenia
515 537 573 555 acrius
581 540 659 556 exercet,
672 540 689 553 et
695 536 741 554 Po'e'-

245 570 302 584 tarnm
309 564 387 588 cognitio
393 564 425 582 alit
432 563 482 586 copia
490 563 582 584 sermonis,
592 566 609 580 et
616 562 663 579 acuit
670 561 742 582 iudicia,

245 591 349 609 ostendatur
356 589 498 607 adolescentibus
505 591 522 605 et
530 588 575 605 ratio
583 593 666 605 versuum
675 587 742 604 sscien-

245 617 310 634 dornm
316 629 321 637 ,
338 618 356 633 et
369 613 474 632 eruditiores
490 613 575 630 misceant
589 611 623 630 hoc
639 612 742 630 exercitium

245 640 335 660 scribendi
342 645 403 657 versus
410 639 473 657 ceteris
481 638 546 656 latinae
555 638 626 660 linguae
637 637 730 655 exercitiis.

270 671 274 673 ’
290 670 365 688 Mittant
372 669 424 686 etiam
436 671 556 691 praeceptores
564 667 656 685 domestici
664 667 742 690 discipu-

246 697 272 714 los
285 696 306 713 ad
319 696 387 718 aliquas
399 694 482 711 lectiones
493 693 584 717 publicas,
596 693 638 716 ipsis
646 692 710 714 utiles,
723 695 743 710 ut

246 721 285 740 lnce
297 725 314 739 et
325 720 424 744 frequentia
434 719 547 739 auditorum,
560 722 577 736 et
587 718 670 736 varietate
682 724 742 735 rerum

248 747 346 765 excitentur
353 746 375 763 ad
384 745 503 765 Dialectiten,
515 743 645 762 Arithmeticen
652 747 669 761 et
674 742 743 774 Spirae-

247 779 291 790 ram.

299 801 360 819 Mores
371 801 423 818 etiam
435 800 515 817 infirmae
526 799 587 817 aetatis
603 797 676 816 honeste
687 802 704 816 et
714 799 743 822 pie

249 831 310 851 regant
320 827 368 850 quod
380 826 452 850 quidem
465 825 529 842 {acient
540 825 618 847 facilius,
632 825 647 842 si
661 824 742 842 ordinem

247 853 345 871 lectionum
357 855 374 869 et
386 851 508 869 exercitiorum
521 850 618 873 prudenter
628 850 743 871 instituerint,

247 882 265 897 et
273 879 292 896 in
301 878 381 896 docendo
390 877 480 894 illecebras
488 876 587 893 miscebunt
599 882 620 893 ex
627 874 743 899 quadamhi-

247 904 352 924 storiarum,
368 902 505 923 sententiarum,
523 901 638 922 fabellarum,
655 901 743 918 dictorum

248 933 265 947 et
277 929 397 951 exemplorum
405 927 498 948 varietate,
511 930 531 944 ut
539 927 576 949 ipsa
588 932 647 944 rerum
658 926 743 944 suavitate

249 954 305 973 teneri
313 954 368 971 animi
377 953 485 974 invitentur,
499 956 515 969 et
524 952 647 973 detineantur,
660 956 676 969 et
685 958 703 969 se
710 951 744 969 ali-

248 987 284 1004 quo
292 979 345 997 modo
354 978 438 1002 proficere
445 978 479 1001 ipsi
487 978 593 1000 intelligant.
619 977 644 995 lta
653 978 744 995 doctrinae

248 1005 324 1024 dulcedo
338 1005 398 1022 flectet
406 1004 475 1021 animos
485 1003 507 1021 ad
520 1003 591 1021 virtutis
602 1009 679 1020 amorem
693 1006 709 1020 et
721 1003 743 1020 ad

248 1030 395 1048 moderationem.

437 1080 552 1097 Undecima.

290 1114 361 1134 ,Mores
373 1114 453 1131 omnium
465 1113 560 1130 Lectorum
572 1113 609 1130 tint
621 1111 700 1133 honesti,
713 1113 744 1136 pii,

248 1144 266 1159 et
274 1140 366 1163 inculpati,
379 1145 398 1157 ac
405 1139 420 1156 si
429 1145 463 1162 qua
472 1138 548 1162 suspicio
556 1144 640 1161 vagarum
647 1138 744 1155 libidinum

249 1170 281 1184 sut
291 1165 374 1183 adulterii
385 1165 407 1182 de
417 1165 477 1188 aliquo
489 1164 523 1182 erit
535 1170 556 1181 ex
568 1164 693 1181 verisimilibus
705 1168 743 1182 orta

249 1191 364 1212 coniecturis,
379 1190 460 1207 Decanus
472 1196 512 1207 eum
522 1189 588 1207 indicet
599 1188 681 1210 Rectori,
698 1193 715 1207 ot
725 1195 744 1207 re

250 1217 343 1240 inquisita,
356 1222 386 1233 reo
394 1216 477 1234 damnato
485 1215 586 1232 adimantur
593 1215 644 1232 lectio
651 1218 668 1232 et
676 1213 744 1237 ssipen-¹

249 1243 305 1260 dium.
330 1241 372 1259 Non
380 1241 428 1258 enim
437 1244 505 1258 tantum
513 1239 631 1258 Ecclesiarum
640 1241 745 1263 pastoribus,

251 1268 280 1286 ted
291 1268 343 1285 nobis
354 1267 447 1287 omnibus,
458 1266 511 1283 etiam
521 1266 552 1289 qui
565 1266 710 1287 adolescentiam,
725 1266 744 1283 in

251 1299 285 1317 qua
293 1297 335 1310 sunt
341 1292 430 1310 Ecclesiae
437 1292 536 1313 seminaria,
547 1292 624 1314 regimus
631 1295 648 1309 et
656 1292 744 1311 docemus,

251 1318 352 1336 concionari
364 1317 439 1335 Paulum
449 1321 556 1337 statuamus,
569 1323 608 1334 curn
619 1317 684 1340 inquit:
698 1316 744 1335 ἀλλὰ

251 1343 309 1364 τύπος
316 1342 371 1368 γίνου
377 1344 416 1361 τῶν
423 1344 493 1361 πιστῶν
501 1343 522 1361 ἐν
530 1341 588 1367 λόγῳ,
602 1342 622 1360 ἑν
630 1341 745 1366 ἆνάστροφῃ,

252 1370 273 1387 ἐν
285 1368 359 1393 ἆγαπῃ,
375 1368 395 1386 ἰν
407 1366 508 1391 πνεύματι,
526 1368 546 1386 ἐν
558 1367 625 1389 πίστει,
641 1368 661 1386 ἐν
672 1367 743 1392 ἀγνείᾳ,

252 1393 329 1418 πρόσεχ’
337 1395 360 1417 τῇ
369 1392 478 1418 ἀναγνώσει.

467 124 470 127 ,
488 104 642 128 Αιιορυιᾼ
655 104 694 124 m·
710 95 1016 127 nnevzsconc‘tomts.

1213 106 1265 125 tmo

816 147 926 167 inseruimus
935 148 983 166 onim
995 147 1041 167 hanc
1048 148 1153 167 sententiam
1161 147 1190 166 his
1197 149 1265 167 nostris

765 173 843 197 legibus,
857 174 904 197 quia*
911 174 969 192 brevis
978 174 1038 197 regula
1049 178 1074 192 est
1083 174 1163 192 omnium
1171 174 1264 192 actionum

765 203 865 217 nostrarum
871 212 876 219 ,
889 206 942 223 quam
950 200 994 217 utile
1002 203 1029 217 est
1038 206 1107 223 semper
1117 203 1176 217 mente
1186 200 1264 217 circum-

765 225 822 246 ferre,
838 231 941 248 semperque
952 225 971 243 in
982 229 1077 248 conspectu
1089 224 1164 246 habere,
1177 222 1264 248 tanquam

766 256 847 268 normam
855 251 909 268 totius
916 254 986 268 nostrae
994 251 1040 269 vitae
1048 254 1064 268 et
1071 251 1211 273 gubernationis.

819 275 844 293 Et
854 282 956 299 quanquam
967 276 1028 294 multis
1042 277 1061 294 in
1073 276 1153 298 Collegit·
1169 279 1231 294 nostro
1244 276 1263 293 in

766 301 849 319 manibus
858 305 900 319 nunt
911 301 980 324 politici
993 302 1035 319 libri
1043 302 1144 319 Aristotelis
1156 305 1173 319 et
1180 302 1263 322 aliorum,

767 330 826 344 tamen
838 325 881 344 haec
892 327 952 344 brevis
963 327 1027 345 tabella
1035 327 1122 345 divinitus
1131 327 1221 350 proposita
1231 333 1264 350 per

766 352 882 375 Apostolum,
903 358 936 370 nos
948 353 970 369 de
982 353 1038 375 magis
1052 352 1155 370 necessariis
1167 352 1264 370 virtutibus

766 378 910 397 commonefacit,
927 384 979 401 quam
991 378 1030 399 illa,
1047 378 1129 401 quamvis
1140 378 1236 400 diligenter
1247 381 1264 395 et

767 403 864 426 prudenter
871 403 943 420 collecta
951 402 1102 426 Philosophorum
1112 407 1208 426 praecepta.

811 428 931 446 Iubetl‘aulus
939 427 972 446 hos
979 429 1010 453 qui
1018 432 1102 452 praesunt
1109 429 1133 447 ita
1138 428 1263 446 excellerevir-

767 457 813 476 tute,
830 457 850 472 ut
862 460 923 472 eorum
937 455 1015 478 exempla
1027 455 1140 478 praeluceant
1151 454 1196 472 aliis.
1222 454 1264 472 Non

767 479 816 498 sinus
824 480 906 497 scandalo
914 480 997 501 caeteris,
1009 486 1046 498 non
1057 480 1146 500 laxemus,
1159 480 1193 502 ipsi
1204 480 1264 497 frenos

767 505 880 528 disciplinae,
893 511 915 522 ne
924 505 954 523 alii
964 505 1004 528 plus
1012 505 1093 523 licentiae
1101 505 1136 522 sihi
1144 507 1218 528 propter
1230 511 1264 522 no-

767 532 803 546 stra
811 531 889 551 exempla
897 534 973 547 sumant.

818 552 842 571 Et
849 554 920 577 quidem
932 555 1026 578 praecipit,
1038 558 1058 572 ut
1066 555 1121 572 simus
1133 556 1212 579 exemplo
1220 555 1265 572 fide-

768 578 821 596 libns.
839 579 974 596 Meminerimu·
981 586 1016 602 qno
1026 580 1045 597 in
1053 584 1103 598 coetu
1112 587 1211 601 versemur,
1225 587 1265 598 non

768 604 816 621 inter
826 603 922 627 Cyclopas,
938 608 970 621 ant
980 604 1089 627 Centauros,
1102 612 1139 624 non
1152 606 1171 623 in
1183 606 1265 624 Platonis

768 628 870 650 Academia,
883 629 912 646 sed
920 629 940 646 in
947 629 1026 647 Ecclesia
1033 629 1072 649 Del,
1082 631 1100 648 in
1108 638 1142 655 qua
1150 631 1198 649 Deus
1206 635 1266 649 aeter-

769 660 803 671 nus
810 658 860 677 pater
867 654 941 672 Domini
949 655 1005 672 nostri
1013 654 1052 672 lesu
1060 653 1134 675 Christi,
1146 660 1163 674 et
1170 657 1217 674 {ilius
1226 657 1266 675 eius

768 679 856 698 Dominus
865 684 926 698 noster
934 679 981 698 lesus
988 679 1070 698 Christus
1078 680 1148 701 adsunt,
1160 686 1177 697 et
1186 682 1266 703 Spiritus

769 709 838 723 sanctus
845 711 885 722 vere
892 705 911 722 in
917 706 1014 723 multorum
1021 705 1152 723 adolescentum
1159 707 1213 723 corda
1220 707 1267 724 effn-

769 736 799 748 sus
807 734 841 750 est,
853 728 883 748 obi
894 734 912 749 et
919 731 992 754 spiritus
1003 731 1077 753 angelici
1084 730 1123 748 Deo
1132 730 1192 751 chari,
1205 735 1267 749 eusto-

769 757 800 774 des
814 759 856 773 sunt
869 755 933 774 horum
946 756 1042 779 agminum.
1071 756 1110 773 Hoc
1121 756 1154 773 Dei
1168 756 1266 779 Templum

769 780 880 805 prophanare
893 785 910 799 et
921 782 1011 805 polluere,
1023 785 1040 799 et
1051 782 1100 805 quasi
1109 781 1166 800 Deum
1178 782 1267 805 expellere

769 814 790 825 ex
801 806 835 825 hoe
846 807 946 829 domicilio,
962 813 1046 830 magnum
1061 808 1118 825 scelus
1132 814 1169 825 esse
1184 808 1266 825 sciamus.

770 832 844 855 Quoties
855 833 874 850 in
888 833 1005 854 auditorium,
1022 833 1041 850 in
1056 838 1157 850 consessum
1172 832 1266 851 scholasti-

770 864 809 876 cum
823 858 930 881 ingrederis,
945 858 1004 876 veniat
1020 858 1038 875 in
1053 862 1141 880 mentem,
1158 862 1175 876 te
1189 859 1208 876 in
1221 865 1267 876 con-

769 887 847 906 spectum
859 883 902 904 Dei,
918 882 986 901 Christi
999 887 1016 901 et
1027 883 1137 906 Angelorum
1153 885 1223 905 vestire,
1242 885 1265 902 ad

770 915 814 932 quos
822 915 858 927 non
866 910 972 927 adferendus
980 913 1005 927 est
1013 913 1124 932 contemptus
1132 909 1192 927 iudicii
1201 910 1266 931 divini,

770 935 800 952 sed
813 940 862 952 mens
875 935 912 958 pia,
925 938 942 952 et
953 938 1014 958 petens
1028 935 1085 952 iuvari
1100 939 1116 952 et
1125 935 1220 957 gubernari
1230 941 1265 953 no-

770 964 804 978 stra
812 960 879 981 studia,
892 966 937 983 quae
945 966 982 977 non
989 963 1029 977 suut
1037 960 1106 978 soclieia
1115 965 1131 978 et
1139 961 1223 978 salutaria
1231 967 1266 978 no-

770 986 797 1003 his
804 985 892 1003 Ecclesiae
902 989 918 1003 et
925 985 1048 1008 Reipublicae,
1062 986 1096 1003 nisi
1107 992 1116 1003 a
1125 985 1162 1003 Deo
1174 986 1266 1005 inventur.

770 1011 830 1029 Maior
836 1017 877 1034 ergo
885 1011 976 1034 diligentia
987 1012 1105 1033 regendorum
1114 1017 1184 1029 morum
1194 1018 1203 1029 a
1213 1012 1266 1029 nobis

770 1037 867 1059 flagitatur,
882 1037 923 1060 quia
936 1036 982 1054 cives
993 1035 1082 1054 Ecclesiae
1094 1043 1163 1058 sumus,
1180 1043 1234 1060 quam
1246 1038 1265 1054 in

770 1061 829 1080 schola
838 1062 917 1079 Platonis
924 1065 955 1079 aut
962 1061 1062 1079 Aristotelis
1069 1062 1186 1085 flagitabatur.

822 1087 870 1109 Quas
878 1091 936 1105 autem
943 1088 1016 1105 virtutes
1024 1088 1117 1105 nominat?
1136 1087 1187 1109 Sitis,
1200 1088 1265 1111 inquit,

770 1113 850 1135 exemplo
858 1112 947 1130 Ecclesiae
954 1113 993 1134 Dei,
1004 1113 1023 1130 in
1032 1119 1118 1134 sermone,
1129 1113 1147 1130 id
1155 1116 1186 1134 est=
1200 1113 1219 1130 in
1227 1117 1265 1131 toto

770 1144 834 1161 genere
845 1139 940 1156 doetrinae.
966 1138 1051 1162 Sequitur
1067 1138 1136 1155 infirma
1148 1143 1196 1156 aetas
1208 1143 1265 1156 vestra

770 1164 845 1185 iudicia,
858 1168 933 1182 vestram
942 1164 1105 1187 interpretationem
1114 1165 1136 1181 cle
1146 1165 1199 1182 rebus
1209 1165 1265 1182 maxi-

771 1190 809 1207 mis.
838 1189 898 1211 Quare
913 1190 935 1207 sit
949 1196 989 1207 vera
1000 1193 1018 1207 et
1028 1196 1072 1212 pura
1085 1190 1172 1208 doctrina.
1202 1189 1265 1212 Fugit·

770 1215 832 1235 falsas,
844 1215 916 1238 impias,
929 1215 1015 1232 immanes
1021 1215 1119 1238 opiniones,

822 1240 916 1264 Postquam
932 1241 954 1258 de
964 1241 1044 1258 doctriua
1060 1244 1172 1263 praeceptum
1186 1241 1266 1262 tradidit,

770 1266 834 1283 deinde
845 1266 961 1284 concionatur
971 1267 993 1283 de
1004 1266 1083 1284 moribus
1095 1266 1114 1283 in
1126 1266 1266 1287 conversatione,

757 1298 759 1317 ᾗ
771 1292 789 1309 id
798 1295 832 1312 est,
845 1292 863 1309 in
872 1295 943 1309 externa
951 1292 1044 1314 disciplina
1053 1291 1136 1312 honesta,
1149 1292 1197 1309 iuxta
1205 1292 1266 1309 omnia

770 1320 860 1340 praecepta
873 1317 957 1339 decalogi.
986 1317 1031 1335 Cum
1043 1317 1090 1334 enim
1103 1317 1183 1335 nominat
1195 1323 1266 1335 conser-

771 1343 869 1363 vationem,
887 1343 909 1360 de
923 1346 960 1360 toto
972 1348 1035 1365 genere
1049 1346 1160 1360 externarum
1175 1343 1266 1360 actionum

770 1368 860 1391 loquitur,
873 1368 921 1391 quod
928 1368 991 1386 usitate
998 1374 1081 1386 vocamus
1087 1368 1105 1385 in
1116 1367 1232 1391 philosophia
1239 1369 1266 1386 in-

757 1392 759 1409 l
770 1394 838 1411 stitiam
846 1393 970 1411 universalem.
