4546 5760
175 204 252 286 908
304 272 325 285 .
381 232 385 245 ·
746 200 1171 299 Quansrtouus
1223 202 1630 287 ACADEMICAE.
2140 203 2219 284 004

282 376 361 454 Hoc
383 379 575 453 discrimen
597 380 629 450 si
653 377 917 466 consideretur,
950 376 1098 473 planins'
1116 380 1176 450 in·
1227 373 1435 468 adtonso,
1451 378 1587 453 Paulus
1614 377 1777 476 loquitur
1804 380 1849 452 de
1871 378 2078 454 Mediatore
2112 382 2230 476 propi·

166 484 296 575 'telligi
321 484 472 578 poterit,
503 482 567 579 qeri
588 483 660 554 sint
687 483 804 553 fontes
831 477 1178 554 Enthneiasticarum
1230 483 1395 556 tintinnis
1416 497 1450 555 et
1473 482 1755 569 intercessionis,
1787 482 1972 566 videlicet,
2004 485 2053 554 de
2071 506 2231 576 persona,

34 612 40 623 ·
186 583 533 671 hallucinationnm,
564 587 732 656 deerrant
754 595 788 654 et
804 585 1054 657 certitudinem
1071 609 1181 680 quae·
1232 610 1313 660 cum
1328 609 1413 656 vero
1434 588 1480 657 de
1501 586 1620 657 medio
1642 583 1815 672 dicimus,
1839 609 1914 657 non
1932 608 2148 679 personam,
2173 587 2229 658 sed

187 702 291 774 runt,
323 702 363 759 ut
386 689 424 758 in
447 682 601 782 physicis
622 700 656 759 ct
677 687 862 758 abducunt
882 702 1054 760 mentesa
1070 690 1181 760 verbo
1233 689 1391 759 medium
1414 689 1661 775 nominamus,
1692 711 1764 782 quo
1786 687 1886 759 illam
1910 689 2024 782 ipsam
2046 711 2232 780 personam

189 791 280 878 Dei,
305 791 455 861 etfidem
470 788 584 881 reipsa
600 787 821 878 extinguunt.
1230 789 1470 882 agnoscimus.
1521 789 1612 862 Nam
1628 787 1770 880 agnosci
1784 786 1917 861 Filium
1934 803 2093 883 oportet·
2137 789 2231 881 Qua-

295 890 403 983 Quod
424 905 541 962 autern
565 891 653 964 dicit
676 886 866 982 Euripides
888 891 932 960 ad
950 892 1081 962 malam
1100 916 1183 963 cau-
1234 918 1273 962 rc
1289 889 1412 962 Esaias
1428 891 1564 988 inquitc
1598 890 1739 963 Noticia
1758 893 1851 963 servi
1869 892 1938 963 mei
1960 891 2048 962 iusti
2064 893 2231 965 iustifica-

192 1018 267 1065 sam
283 994 561 1085 persuadendam
570 989 772 1064 adhibenda
785 1015 858 1063 esse
872 986 974 1088 σοφὰ
987 985 1185 1090 φάρμακα,
1234 996 1289 1066 bit
1308 995 1453 1070 multos.
1511 991 1639 1091 Cyrilli
1660 1017 1746 1064 vero
1770 992 1905 1067 dictum
1927 992 2056 1086 Magos
2078 995 2229 1078 damnet,

193 1098 231 1167 id
249 1096 308 1166 isti
325 1094 558 1165 nonfacinnt.
605 1090 685 1164 Etsi
706 1093 803 1163 enim
825 1095 937 1183 multa
958 1090 1186 1189 sophismata
1236 1097 1299 1192 qui
1312 1097 1429 1167 media
1445 1120 1519 1168 non
1535 1098 1698 1168 ordinata
1715 1091 1825 1167 aDeo
1841 1111 2032 1193 quaerunt.

194 1210 421 1284 mscervant,
453 1210 571 1267 tamen
594 1195 677 1265 illae
698 1209 919 1267 monstrosae
943 1197 1185 1269 ratiocinatio-
1340 1197 1411 1271 Sed
1441 1222 1545 1292 spero
1570 1193 1657 1269 haec
1684 1197 1863 1290 copiosius
1887 1200 2134 1270 declaraturos
2162 1220 2229 1269 esse
2266 1128 2270 1253 l

194 1323 259 1371 nes
273 1323 349 1371 non
364 1311 448 1372 sunt
464 1292 566 1394 σοφὰ
579 1289 783 1394 φάρμακα,
812 1299 873 1369 sed
888 1293 1186 1372 hallucinationes
1241 1323 1320 1386 eos,
1349 1300 1412 1394 qui
1433 1302 1663 1372 refutationes
1692 1299 1928 1373 Stenclrleldii
1954 1302 2072 1375 edent.
2132 1297 2228 1372 Nunc
2267 1326 2270 1375 ;

190 1425 259 1473 -seu
288 1403 415 1472 morbo
444 1399 639 1471 lucentium
671 1394 736 1472 καὶ
773 1396 1058 1495 τετυφομίνων,
1098 1402 1187 1497 qnid
1238 1427 1302 1473 oro
1329 1402 1443 1474 filiurn
1464 1402 1552 1488 Dei,
1581 1403 1645 1495 qui
1667 1413 1720 1471 est
1743 1393 1852 1503 λόγος
1872 1403 2008 1475 aeterni
2036 1401 2166 1494 patris,
2197 1413 2227 1473 et

195 1503 291 1574 enirn
308 1501 541 1606 monptrosius
554 1515 605 1572 est
617 1501 682 1572 illo
697 1515 916 1592 argumento.
1237 1505 1388 1598 protulit
1424 1528 1545 1576 vocem
1581 1501 1789 1597 Evangelii,
1840 1520 1883 1577 nt
1911 1504 2006 1577 inter
2044 1527 2113 1575 nos
2143 1527 2226 1574 sem·
2266 1497 2270 1567 l

296 1603 400 1678 Unus
422 1620 473 1677 est
497 1603 673 1675 mediator
697 1599 879 1676 Christus:
916 1599 1014 1696 Ergo
1036 1619 1187 1678 nonest
1238 1630 1303 1700 per
1333 1629 1418 1677 voce
1447 1602 1634 1699 Evangelii
1668 1604 1811 1696 colligat
1841 1603 2060 1693 Ecclesiam,
2104 1618 2140 1677 et
2168 1627 2225 1675 nos

194 1707 353 1780 medium
376 1733 442 1778 vox
464 1703 664 1797 Evangelii.
714 1703 811 1777 llaec
826 1717 912 1778 sunt
932 1730 1076 1800 prorsus
1093 1703 1185 1781 dade
1239 1707 1424 1798 gubernet.
