4546 5760
701 238 1022 321 canurauu
1071 238 1178 320 crs
1203 237 1284 314 111.
1922 247 1997 324 ιη
2080 347 2082 350 ψ

90 437 228 510 cuquam
244 411 375 506 passim
390 423 518 486 terram
538 414 692 486 effodere
707 430 903 509 perustam:
1011 410 1059 487 Et
1074 413 1169 485 coeci
1184 415 1292 485 decus
1306 435 1381 482 esse
1396 425 1521 505 putant
1537 437 1611 485 non
1627 416 1763 487 solvere
1778 417 1887 511 leges,

90 517 118 588 la
135 516 187 587 ibi
205 517 300 608 larga
316 528 435 587 temen
451 541 539 587 vena
554 517 691 610 reperta
709 519 800 593 laic·
1059 515 1158 606 Quas
1173 516 1291 587 decuit
1307 515 1385 585 voci
1399 518 1520 586 cedere
1536 532 1660 609 sponte
1675 513 1755 594 Dei.

90 642 106 690 e
122 618 258 689 animas
274 613 501 704 exhalabant,
534 620 660 692 siccata
676 621 815 691 labellis
1006 614 1071 690 Est
1089 619 1202 689 virtus
1215 619 1324 707 leges,
1351 631 1384 686 et
1400 641 1540 687 mortun
1555 619 1671 690 vincla
1688 621 1820 703 vereri,

90 732 278 791 amatrum
294 719 448 792 infantes
464 722 572 791 ubera
589 722 680 792 forte
690 718 853 795 'trahunt
1056 720 1097 792 si
1116 735 1235 793 temen
1251 734 1285 792 et
1301 721 1416 812 legum
1433 721 1554 811 regula
1571 717 1735 795 Christus
1751 723 1830 796 erit.

90 835 209 916 tntque
224 820 332 891 simul
347 835 474 893 matres
489 823 652 917 tristique
666 820 844 917 sepulchri

91 948 165 995 cere
179 937 358 993 maternus
371 924 532 1015 fungitur
544 925 554 992 i
558 948 618 1016 pse
633 924 744 996 sinus.

91 1051 175 1099 crum
190 1025 345 1095 subeunt
360 1026 500 1095 animos
515 1050 608 1097 nova
622 1025 739 1097 taedia
756 1026 871 1117 vulgi,

91 1126 177 1199 nitet
191 1141 224 1197 et
242 1124 355 1195 varias
371 1128 567 1197 deseruisse
583 1129 720 1202 domos.
1005 1141 1070 1216 No,
1088 1143 1178 1219 284,
1787 1152 1856 1234 (m,
1871 1155 1997 1236 15543)

91 1226 510 1315 menaccusantMosen,
543 1232 602 1298 sed
621 1229 791 1317 grandius
807 1229 954 1315 addunt,
1005 1241 1176 1266 Μ
1785 1242 1998 1282 Μ

91 1342 252 1423 »prensat
268 1329 482 1417 immeritos,
508 1332 642 1401 crimen
659 1325 789 1402 habere
804 1331 930 1407 Deum.
1076 1355 1160 1427 Apud
1180 1355 1308 1412 Vincerat.
1327 1375 1355 1428 p.
1368 1328 1470 1428 susq,¹

92 1446 107 1505 t
120 1427 207 1503 baec
222 1430 361 1500 miseris
376 1432 527 1501 nimium
543 1433 681 1523 vulgata
698 1434 841 1527 querela
859 1446 929 1517 est,

92 1556 112 1605 a
129 1536 190 1604 sed
206 1545 257 1602 est
272 1555 409 1625 semper
422 1533 548 1605 iudicis
563 1534 615 1604 ica
631 1532 709 1606 Dei.
1006 1530 1253 1626 Epitaphium
1280 1535 1468 1623 scriptum
1495 1535 1640 1628 mataps
1665 1536 1901 1630 iutepmimi
1923 1542 1998 1611 virt

92 1659 229 1729 inquam
243 1646 362 1705 sontes
379 1637 501 1727 punit,
525 1630 644 1707 tamen
663 1636 758 1709 inter
771 1637 931 1724 eosdem,
1017 1690 1023 1709 ,
1214 1631 1460 1706 friderici
1489 1633 1793 1725 uerapecttt.

92 1750 141 1807 rat
159 1735 340 1829 relliquias
359 1738 510 1826 agminis
527 1738 601 1828 ipse
621 1739 690 1811 sui.

95 1839 178 1909 ubet
194 1836 322 1907 Mosen
341 1860 501 1928 percussa
519 1842 667 1910 educere
680 1864 786 1932 rupe,

106 1939 238 2031 popello
257 1941 435 2009 undarum
450 1941 599 2011 flumina
618 1942 713 2031 larga
731 1966 808 2016 stro.

93 2041 192 2112 nitur
206 2037 342 2124 Moses,
369 2065 463 2112 novo
479 2044 540 2112 sed
556 2044 717 2114 conlusio
733 2056 889 2115 mentem

93 2145 179 2227 that,
206 2157 240 2213 et
255 2165 415 2232 aggresso
432 2143 609 2235 diriguere
625 2169 761 2221 manus.

93 2245 165 2317 rius
182 2270 364 2338 uunquam
385 2260 504 2338 pectus
519 2248 755 2339 trepidaverat
770 2260 870 2331 ante„

93 2348 218 2440 luendo
232 2345 371 2416 fuerant
391 2348 483 2416 iussa
500 2350 664 2418 obeunda
680 2348 758 2418 Dei.

93 2448 170 2519 eluti
188 2445 288 2517 navis
303 2449 457 2539 scopulis
477 2449 567 2519 illisa
587 2450 735 2534 fatiscit,

97 2574 219 2642 rupem
237 2549 430 2640 aspiciens,
467 2552 595 2622 excidit
611 2552 675 2621 iste
691 2551 771 2624 sibi.

93 2652 133 2737 it,
165 2665 198 2722 et
215 2651 372 2736 dubitat,
398 2655 456 2721 sed
476 2677 558 2723 mox
576 2678 612 2722 se
629 2653 762 2744 colligit
779 2653 873 2742 ipse,

94 2753 201 2842 rigor,
226 2753 263 2821 in
283 2766 420 2844 pectus,
443 2752 507 2847 qui
521 2756 590 2827 fuit
603 2756 704 2837 arcte,
730 2755 834 2828 redit.
1008 2773 1995 2804 -------÷-·-------—--—----..

94 2858 209 2924 ardens
228 2854 355 2923 iterum
373 2879 495 2946 rupem
513 2855 658 2928 Sinaida
674 2859 808 2949 pulsat,

94 2955 210 3025 saculo
227 2955 319 3045 cogit
333 2958 456 3026 cedere
474 2981 554 3026 saxa
570 2983 652 3029 stro:
741 2986 747 2993 ·
1013 2954 1182 3032 Nassa.
1279 3031 1282 3036 ,

94 3082 150 3149 {ue
165 3057 253 3145 riget
270 3057 338 3126 late
354 3058 429 3127 loca
446 3073 560 3140 vasta,
584 3061 766 3131 effundere
782 3061 938 3147 flumen,

94 3162 130 3228 le
145 3159 211 3227 sibi
228 3158 349 3228 dulces
366 3155 506 3230 hauriat
522 3185 647 3251 aguren
665 3187 784 3256 aquas.
1097 3173 1179 3238 apud
1199 3172 1325 3228 tineent
1343 3191 1371 3244 p.
1382 3173 1409 3228 6.

94 3264 165 3330 teus
184 3261 344 3351 exemplo
359 3277 532 3333 monstrat
547 3287 583 3332 se
599 3285 737 3354 pascere
752 3277 913 3354 egentes,

95 3386 127 3432 as
142 3364 186 3431 ad
202 3361 366 3431 militiam
383 3356 505 3452 deligit
524 3365 598 3455 ipse
614 3389 725 3439 suam,
1014 3360 1060 3427 ln
1085 3349 1258 3424 tobsdcm
1288 3351 1482 3461 ligole-siue
1506 3351 1583 3421 Des
1614 3347 1682 3420 suh
1715 3354 1881 3447 imagine
1911 3358 2003 3428 flat

98 3488 179 3531 men
200 3478 233 3535 et
249 3464 362 3532 maius
378 3465 547 3558 quiddam
563 3469 757 3557 spectacula
777 3480 873 3538 tanta
1038 3474 1216 3550 monum,
1257 3448 1489 3543 descriptam
1514 3454 1688 3523 Carmine
1715 3474 1739 3523 tt
1765 3458 1976 3530 Martiae

95 3565 253 3650 nilicant,
278 3565 428 3663 multum
446 3570 541 3660 quod
556 3569 757 3638 meminisse
773 3569 881 3642 iuvat.
958 3586 961 3591 ’
1287 3621 1292 3628 -
1379 3556 1637 3627 *5⁰⁰⁰l0v1'0·

95 3692 118 3736 er
131 3680 172 3736 ut
188 3665 307 3736 Moses
327 3683 377 3737 est
393 3669 506 3737 iussus
522 3670 682 3738 scindere
699 3696 837 3761 rupem,

101 3781 245 3862 prepter
260 3767 389 3858 Legem
407 3770 553 3839 vulnera
568 3768 730 3843 Christus
747 3768 864 3846 habet.

96 3884 214 3940 amota
229 3885 361 3940 manet:
389 3884 568 3961 peccatum
585 3874 705 3963 punit,
733 3889 766 3945 et
782 3875 876 3959 odit,

99 3972 270 4066 ponitque
285 3972 357 4042 irae
373 3973 522 4064 plurima
540 3972 637 4064 signa
651 3972 758 4048 Deus.

96 4100 112 4142 u
124 4108 139 4159 ‚¹
165 4098 209 4142 ne
224 4097 369 4164 prorsus
386 4088 511 4145 natura
528 4070 682 4145 lcumena
701 4077 849 4168 periret,

96 4200 126 4245 re
141 4171 227 4244 haec
240 4176 370 4246 frustra
386 4192 473 4246 esset
490 4179 631 4247 condita
646 4179 762 4268 imago
781 4178 864 4249 Dei:

96 4278 169 4347 obis
185 4276 295 4346 Natus
311 4279 419 4370 patris
433 4279 646 4365 intercessit,
672 4281 817 4374 aditque

96 4404 206 4463 enam,
232 4405 337 4471 quam
356 4381 447 4449 iusta
464 4397 627 4451 sanxerat
642 4384 692 4449 ira
711 4380 788 4456 Dei.

97 4480 175 4567 itur
191 4475 374 4551 Christum
391 4483 567 4553 insontem
589 4484 776 4574 percussit,
800 4498 835 4555 et
851 4485 934 4553 inde

96 4597 228 4667 narrant
244 4583 337 4655 vitae
353 4583 501 4654 lluuiiua
515 4598 613 4674 grata
631 4610 755 4658 novae.

97 4699 187 4755 utern
205 4686 356 4777 trepidat
372 4684 516 4755 Moses?
541 4686 719 4779 praesagia
736 4687 870 4783 luctus,

97 4801 197 4858 atnro
216 4785 255 4854 in
270 4787 404 4879 populo
424 4801 510 4859 tunc
524 4812 636 4880 pavor
649 4789 710 4856 ille
726 4787 805 4860 suit.

101 4890 233 4978 legem,
260 4913 451 4982 vocemque
464 4891 534 4960 Dei
550 4913 635 4979 gens
650 4889 764 4961 audiit
780 4913 872 4973 una,

97 5015 132 5059 ec
145 4985 289 5060 Christo
305 4990 460 5061 Domino
478 5007 529 5061 est
544 4992 689 5061 iniicere
705 5013 787 5061 ausa
805 5012 942 5063 manus.

97 5116 186 5162 arcun
202 5093 314 5161 scelus
333 5088 400 5162 hoc
418 5088 608 5164 exhorrent
625 5107 764 5185 pectora
786 5090 915 5174 Musis,

97 5195 261 5265 nondum
277 5208 363 5264 noto
380 5208 473 5264 mota
488 5197 614 5266 dolore'
626 5210 779 5289 stupent.

113 5297 220 5365 duces
236 5297 362 5387 populi
378 5296 513 5367 feriunt
525 5310 561 5367 te
577 5299 727 5379 maxime
744 5291 904 5383 Christe,

100 5398 255 5468 telerunt
270 5398 374 5468 dictis
390 5423 470 5467 cum
489 5424 552 5469 sna
568 5400 646 5471 iura
665 5398 748 5472 tuis.

98 5545 170 5593 cru.
196 5520 300 5586 Ocra.
326 5520 411 5588 Vos.
438 5519 508 5605 X„
728 5596 734 5619 Ι
1410 5505 1463 5582 ⁴0

911 1838 913 1842 ·
1008 1799 1087 1872 Hoc
1103 1803 1241 1873 tumulo
1255 1816 1368 1877 castae
1385 1816 1567 1874 matronae
1581 1804 1744 1875 condidit
1760 1800 1888 1878 Annae
1945 1884 1951 1895 ‚

1061 1903 1262 1975 Fridericus
1277 1904 1464 1997 Berupeck
1479 1905 1637 1996 coniugis
1657 1931 1735 1977 ossa
1752 1930 1847 1977 suae.

1009 2002 1077 2077 Cui
1094 2006 1233 2076 novisse
1250 2004 1386 2093 Deum,
1407 2021 1441 2077 et
1457 2008 1618 2078 coelestia
1635 2008 1769 2078 discere
1786 2010 1897 2097 dicta,

1059 2104 1107 2177 Et
1123 2131 1245 2199 parere
1260 2109 1345 2199 ipsis
1359 2108 1509 2178 maxima
1525 2132 1609 2180 cura
1623 2110 1703 2184 fuit.
1732 2140 1735 2145 ·

1011 2207 1233 2303 lustibcaque
1247 2209 1315 2279 fide
1335 2210 1446 2282 coluit
1459 2224 1493 2280 te
1508 2206 1648 2281 Christe
1666 2209 1879 2299 Redemtor,

1061 2307 1274 2404 Exemplum
1291 2336 1407 2382 mores
1423 2326 1457 2382 et
1471 2311 1611 2403 pietatis
1624 2328 1734 2387 erant.

1012 2411 1119 2483 Mens
1137 2413 1245 2501 igitur
1261 2413 1394 2504 patriae
1410 2414 1541 2483 fruitur
1558 2414 1717 2484 coelestis
1733 2409 1889 2502 honore,

1062 2513 1141 2585 Hoc
1155 2529 1292 2587 tentum
1309 2517 1440 2605 tegitur
1453 2539 1581 2608 corpus
1599 2515 1706 2586 inane
1721 2517 1810 2588 solo.

1822 3054 1994 3084 m

1018 3720 1204 3792 Fluctibus
1217 3718 1256 3786 in
1271 3717 1395 3788 mediis
1411 3717 1552 3809 pariens
1567 3714 1722 3790 Ecclesia
1739 3744 1848 3815 quare

1069 3822 1293 3917 Halcyonum
1308 3820 1436 3890 similis
1448 3821 1512 3904 sit,
1538 3820 1656 3890 tabula
1671 3821 1736 3891 ista
1752 3827 1863 3896 docet.

1020 3925 1084 3997 llla
1101 3926 1163 3995 sed
1181 3938 1233 3995 est
1246 3923 1325 3992 aliis
1339 3922 1444 3992 etiam
1463 3921 1601 4012 depicta
1617 3922 1754 4011 figuris:
1774 3959 1776 3962 ·

1069 4025 1225 4096 Naturae
1240 4025 1417 4115 impressit
1431 4024 1583 4117 plurima
1600 4024 1699 4112 sigua
1714 4024 1821 4098 Deus.

1019 4127 1134 4199 Nidus
1148 4122 1249 4196 humi
1271 4126 1359 4197 iacet
1373 4127 1466 4196 inter
1482 4149 1562 4193 saxa
1579 4123 1819 4221 Hypolaidos‚
1845 4131 1883 4201 in
1901 4157 2006 4226 quem

1071 4228 1223 4320 ignavus
1237 4226 1374 4322 Coccyx
1388 4252 1454 4297 ova
1469 4228 1621 4297 fovenda
1638 4227 1743 4300 locat.

1020 4331 1182 4423 Cumque
1198 4330 1260 4398 diu
1278 4329 1374 4421 pavit
1391 4329 1556 4399 cucrclum
1573 4328 1726 4398 officiosa
1745 4354 1927 4420 voracem,

1072 4431 1145 4502 Nec
1162 4446 1278 4500 tamen
1295 4429 1487 4519 ingluviem
1507 4431 1575 4498 iam
1591 4444 1748 4500 saturare
1763 4445 1895 4523 potest:

1022 4535 1117 4606 Tum
1137 4533 1206 4603 sibi
1223 4548 1380 4603 servatae
1394 4533 1534 4600 solvens
1549 4532 1640 4600 mala
1658 4533 1812 4622 praemia
1832 4536 1940 4625 vitae,

1072 4635 1255 4706 Nutricem
1270 4633 1416 4704 cuculus
1433 4635 1579 4703 devorat
1594 4656 1656 4702 ore
1672 4657 1784 4703 suam.

1024 4738 1083 4811 Sic
1098 4738 1155 4829 pia
1172 4760 1208 4806 se
1222 4747 1402 4829 praestans
1418 4731 1635 4803 Thammero
1652 4729 1809 4806 Ecclesia
1825 4751 1993 4824 matrem,
2099 4756 2102 4767 ·

1074 4838 1281 4932 Serpentem
1296 4836 1440 4929 proprio
1457 4836 1586 4906 nutriit
1601 4836 1675 4927 ipsa
1689 4835 1785 4909 sinu.

1023 4940 1107 5012 Non
1124 4942 1223 5011 timet
1237 4940 1276 5008 in
1292 4953 1439 5008 matrem
1457 4938 1618 5007 crudeles
1635 4952 1770 5008 vertere
1787 4963 1942 5029 morsus,

1075 5039 1141 5111 llle
1154 5064 1219 5111 nec
1235 5064 1308 5110 esse
1322 5038 1456 5124 Deum,
1481 5038 1544 5133 qui
1558 5039 1655 5108 videt
1670 5039 1734 5109 iste
1750 5053 1862 5131 putat.

1027 5143 1146 5216 Gnate
1163 5141 1251 5226 Dei,
1277 5136 1446 5234 prohibe,
1472 5141 1610 5232 proprii
1627 5142 1793 5211 defensor
1812 5137 1978 5229 honoris,

1081 5244 1285 5316 Visceribus
1302 5242 1445 5314 cuculos
1460 5267 1497 5313 se
1512 5242 1639 5314 satiare
1657 5244 1740 5315 tuis.
