4546 5760
144 343 194 422 Ut
210 363 347 419 summo
362 337 455 434 patri
471 337 546 413 reri
562 338 757 429 reddantur
771 331 941 427 bonores,

196 442 244 516 Et
259 457 334 513 toto
350 443 409 511 fiat
424 455 529 513 notus
545 441 584 530 in
601 443 687 513 orbe
699 437 809 512 Deus.

147 548 200 621 Ac
216 549 285 616 late
302 545 339 612 in
355 545 489 613 mundo
509 558 718 637 spargantur
733 567 881 615 munera
898 539 1047 633 Christi,
1086 592 1089 603 ι

197 649 299 739 Quae
314 659 397 717 sunt
413 645 541 738 placati
555 647 703 739 pignora
720 657 812 716 certa
829 645 949 737 patris.

144 750 193 825 Et
209 762 353 835 curent,
377 761 418 819 ut
436 751 482 820 sit
495 747 630 839 placata
646 743 803 820 Ecclesia
820 744 967 831 Christi,

196 851 446 949 Concordique
461 861 582 945 regant
599 872 679 936 ore,
703 849 843 946 fideque
859 873 1010 942 gregem.

146 959 203 1030 Sit
216 954 341 1046 procul
359 977 377 1023 a
392 947 527 1023 Christi
540 950 719 1045 ⁸discordia
735 974 836 1023 saeva
853 952 1037 1034 ministris,

97 1130 104 1139 ,
198 1058 348 1149 Nanque
364 1052 461 1124 Deus
478 1053 625 1148 poterit,
650 1078 725 1123 non
739 1055 807 1123 nisi
822 1079 905 1146 pace
922 1053 1001 1127 coli.

148 1160 256 1231 Nulla
268 1159 344 1227 lues
359 1155 487 1231 ovibus
500 1167 656 1240 tantum,
680 1180 752 1224 non
770 1157 843 1226 ulla
860 1181 1007 1241 venena,
1050 1217 1051 1220 ,

201 1260 384 1350 Quantum
400 1270 583 1350 pastorum
600 1256 745 1357 dissidia
761 1258 836 1349 ipsa
854 1271 998 1332 nocent.

148 1363 197 1435 At
211 1361 330 1452 generi
347 1355 503 1431 humano
519 1374 606 1431 tuuc
621 1352 725 1430 aurea
743 1359 879 1439 vivitur
891 1373 998 1448 aetas,

200 1465 305 1536 Tune
320 1461 430 1554 animi
446 1461 589 1552 capiunt
604 1461 729 1552 gaudia
749 1487 831 1533 vera
848 1463 911 1554 pii.

149 1564 240 1638 Cum
257 1562 385 1635 summi
404 1564 513 1653 patris
529 1576 579 1633 est
594 1587 675 1632 vere
691 1565 860 1655 patefacta
881 1565 1058 1645 voluntas,

199 1664 339 1739 Etcum
357 1688 422 1734 nos
435 1689 538 1736 curae
554 1665 719 1734 novimus
735 1689 808 1736 esse
824 1663 913 1736 Deo.

148 1768 311 1862 Cumque
327 1791 398 1838 una
414 1762 596 1836 Christum
612 1766 805 1861 tranquilla
817 1764 974 1838 Ecclesia
998 1774 1084 1858 voce

198 1868 386 1950 Concinit,
413 1882 447 1939 et
463 1869 582 1939 studio
598 1868 718 1938 laudat
736 1869 869 1963 ubique
886 1868 974 1960 pari.

61 2037 72 2047 .
149 1972 246 2043 Haec
260 1983 444 2063 praecepta
459 1965 588 2065 canit¹)
604 1982 721 2040 coetus
736 1972 935 2062 pastoribus
953 1969 1029 2062 ille,

200 2071 511 2145 Olficiimemores
527 2085 560 2141 et
573 2072 671 2142 iubet
684 2064 713 2169 ²)
732 2096 804 2142 esse
818 2073 886 2144 sui.

153 2175 260 2266 Quod
271 2176 473 2269 quicunque
488 2175 581 2260 facit,
599 2176 783 2245 bonavera
794 2188 828 2246 et
840 2174 990 2247 maxima
1001 2176 1137 2273 cunctis

198 2277 333 2361 Affert,
356 2300 518 2371 quaeque
535 2290 628 2348 aetas
644 2276 744 2346 nulla
760 2278 902 2348 abolere
920 2291 1044 2369 potest.

148 2643 215 2715 No.
235 2643 317 2710 tce.
388 2621 390 2625 i

148 2736 318 2768 Μ

946 2668 999 2712 sn.
1016 2647 1107 2711 1535.

917 2739 1130 2777 Μ

218 2850 300 2923 Apud
317 2848 442 2903 vincent.
455 2863 482 2919 p.
499 2845 549 2901 188
560 2864 602 2918 aq.
620 2853 648 2900 et
662 2827 689 2902 ln
704 2863 769 2918 opp.
781 2837 843 2904 lias.
858 2849 892 2904 Τ.
902 2855 939 2908 V.
951 2867 981 2922 p.
992 2850 1055 2909 288.

148 3022 197 3104 1οι
219 3012 408 3086 tumulum
437 3001 848 3102 teano-Ernesti,
878 3014 1001 3086 Ducis
1024 3017 1135 3105 Sum,

311 3117 375 3208 qui
401 3107 537 3206 infans
558 3110 719 3184 decessit
748 3136 845 3187 anno
872 3113 981 3191 1535·

148 3258 1134 3361 Quisquisadhuncvenienstumulumsubsisteloannis

197 3369 268 3446 Hic
282 3366 369 3456 tegit
382 3361 524 3434 Ernesti
541 3364 689 3453 frigidus
703 3386 779 3433 ossa
795 3364 897 3457 lapis.

148 3469 342 3545 Saxonicae
356 3465 470 3557 gentis
483 3462 570 3536 Dur
580 3466 861 3537 servantissimus
875 3469 980 3564 aequi

199 3571 350 3642 Ioannes
368 3568 507 3659 genitor
521 3569 577 3637 cui
593 3565 796 3639 Fridericus
811 3581 896 3644 erat.

148 3673 333 3747 Menstrua
343 3669 444 3740 Luna
458 3670 566 3738 semel
579 3662 737 3739 nondum
751 3672 1132 3762 compleveratorbem,

198 3774 291 3847 Cum
305 3773 395 3841 vidit
409 3771 482 3839 nati
498 3769 622 3839 funera
640 3783 771 3841 moesta
791 3795 928 3862 parens.

149 3877 257 3956 Hunc
271 3888 311 3945 ut
329 3872 497 3964 suspicias
511 3872 645 3941 iaciunt
662 3872 718 3960 pia
736 3886 816 3942 vota
834 3885 997 3964 parentes

201 3977 398 4049 lnnocuum
414 3974 547 4063 gremio
565 3974 715 4043 maxime
730 3969 871 4045 Christe
887 3988 961 4049 tuo.

146 4080 238 4159 Nam
257 4076 366 4170 patris
383 4074 443 4142 illa
463 4076 514 4145 tui
531 4088 597 4155 est,
625 4089 658 4144 te
673 4075 879 4148 testificante
895 4078 1072 4165 voluntas,

197 4180 251 4253 Ne
267 4177 366 4271 pueri
385 4188 525 4246 aeterna
540 4191 653 4247 morte
668 4177 784 4267 perire
799 4191 940 4271 queant.

146 4282 294 4375 Hosque
309 4279 409 4348 iubes
425 4280 468 4347 ad
487 4290 520 4345 te
535 4277 634 4346 nullo
652 4274 863 4370 prohibente
877 4279 1010 4368 venire,

196 4383 294 4453 Dicis
310 4395 343 4452 et
360 4375 415 4452 his
433 4379 519 4449 coeli
538 4400 643 4468 regna
661 4394 780 4471 patere
800 4381 861 4454 tui.

147 4481 354 4577 Ecquando
371 4483 511 4552 vitaete
524 4481 594 4549 iata
613 4481 755 4552 volente
773 4481 917 4574 peregit,

195 4584 432 4657 Commendat
444 4584 569 4653 iratres
584 4576 650 4651 bae
665 4582 730 4653 tibi
745 4608 829 4654 voce
843 4608 941 4657 suos:

87 4729 90 4733 ’
146 4687 288 4780 Respici
303 4687 365 4779 qui
380 4687 507 4754 vivunt
522 4707 689 4774 germano
703 4686 874 4775 sanguine
888 4686 1025 4769 fratres,

146 4802 154 4818 '
196 4791 313 4883 Atque
332 4782 387 4855 bis
401 4781 541 4856 Christe
558 4802 620 4856 tuo
636 4785 783 4856 numine
797 4789 918 4860 dexter
932 4793 1027 4869 acles.

144 4889 279 4967 Felices
295 4900 335 4958 ut
350 4880 432 4956 e'ant
449 4887 604 4958 insontia
621 4888 708 4959 lacta
724 4890 893 4981 parentis,

105 5023 124 5045 =
194 4987 242 5064 Et
256 4989 525 5062 teneantiausta
541 4991 654 5082 patria
669 5004 803 5084 sceptra
818 5015 939 5076 manu·

141 5159 348 5186 v··············

176 5250 204 5316 1)
224 5244 323 5315 Script.
336 5220 413 5315 publ.
431 5228 517 5302 seete.

169 5330 202 5402 t)
222 5327 324 5402 script.
335 5325 414 5399 publ.
428 5327 506 5382 huit
521 5337 560 5388 et·

869 161 1197 259 uetustum
1238 168 1345 259 stu
1378 170 1441 261 ,lt

2103 177 2169 267 114

1994 382 2046 422 en.
2066 356 2152 422 1535.

1962 451 2168 488 Μ

1184 341 1248 415 Νο.
1267 343 1351 418 123.

1193 439 1363 468 m

1253 558 1363 614 [iditum
1377 580 1391 614 a
1404 560 1551 617 Vincentio
1571 581 1598 632 p.
1614 564 1663 618 160
1678 585 1719 639 sq.
1738 565 1785 619 ubi
1804 563 1983 620 inscribiture
2001 564 2167 637 „runem

1290 631 1441 684 vinariensi
1460 651 1535 686 anuo
1556 633 1659 692 153⁵st
1685 664 1718 679 ·-
1761 635 1950 707 Apographon
1971 635 2000 688 in
2023 634 2090 693 eod.
2110 635 2167 691 liar.
2191 684 2194 689 a

1288 698 1351 755 vot.
1365 698 1398 756 ΙΙ.
1436 701 1521 758 Abi.
1540 706 1585 757 ubi
1607 704 1782 759 inscribiturs
1805 743 1825 775 ‚‚
1835 707 1878 760 Ad
1898 704 2067 776 Magistrum
2088 704 2166 758 Fran·

1288 769 1393 824 siacum
1413 720 1610 827 limarieneem
1623 772 1673 828 Pb.
1690 774 1880 830 Melanthon.'’
1916 771 2061 845 seriptum
2078 783 2131 830 ests

1184 926 1433 996 Francisoo
1467 924 1766 1020 Βικοοῆονᾰο,
1816 933 2083 1022 Wmariensi,
2130 937 2187 1017 is,

1186 1027 1316 1100 aulum
1330 1031 1516 1122 Principis
1531 1033 1733 1122 Electoris,
1756 1042 1800 1106 ut
1817 1037 2162 1129 vicecancellarius,
2194 1086 2196 1091 ,

1308 1142 1314 1155 ‘
1603 1144 1747 1206 uocato.

1185 1272 1261 1346 Cur
1273 1289 1307 1347 te
1322 1277 1499 1350 delectant
1516 1283 1636 1363 aulae,
1662 1275 1881 1372 Franciscc,
1906 1312 2046 1358 venena

1236 1374 1285 1448 Et
1304 1380 1447 1471 capiunt
1463 1383 1622 1454 animum
1632 1380 1660 1473 ⁸)
1681 1408 1755 1455 nun
1773 1388 1867 1457 bona
1883 1413 1965 1459 vara
1983 1393 2111 1464 tuuml

1187 1478 1285 1569 Quid
1304 1481 1425 1552 titulos
1439 1485 1553 1554 ambis
1569 1500 1602 1556 et
1619 1486 1725 1559 salsos
1741 1493 1881 1583 quaeris
1902 1486 2072 1583 honores,

1238 1581 1369 1654 Tincta
1386 1600 1560 1658 venenato
1576 1589 1708 1659 fercula
1727 1592 1830 1662 melle
1845 1591 2033 1689 peteusl')
2175 1666 2180 1685 ,

1186 1683 1248 1756 Dii
1264 1686 1331 1755 tibi
1345 1682 1588 1760 monstrarunt
1601 1691 1720 1762 faciles
1735 1694 1828 1764 bona
1844 1720 1945 1780 vera,
1970 1702 2033 1769 sed
2049 1723 2104 1772 ars
2118 1716 2158 1777 et

1176 1872 1183 1886 υ
1237 1786 1335 1857 Haec
1349 1790 1508 1877 novisse,
1534 1795 1642 1864 modo
1659 1790 1716 1864 his
1732 1796 1962 1890 legitimoque
1974 1799 2097 1900 imi').

1187 1888 1397 1961 Suaviolum
1414 1893 1523 1961 roseis
1538 1897 1634 1987 quod
1648 1897 1716 1966 lert
1731 1898 1797 1968 tibi
1815 1914 1907 1970 casta
1916 1896 1947 1995 ⁴)
1960 1903 2110 1988 labellis,

1236 1989 1366 2084 Cum')
1381 1993 1513 2084 pariter
1526 1997 1682 2066 coniunx
1700 2016 1819 2089 pectus
1837 2014 1950 2072 etora
1966 2011 2106 2098 premit.

1187 2089 1368 2165 Omnibus
1384 2089 1452 2165 hoc
1465 2121 1578 2166 unum
1594 2101 1713 2189 reguis
1729 2127 1770 2173 ac
1783 2105 1952 2176 omnibus
1965 2110 2061 2182 aulis

1237 2191 1357 2287 Atque
1371 2197 1499 2287 opibus
1513 2222 1654 2289 regum,
1679 2202 1710 2272 si
1724 2204 1835 2297 sapis,
1859 2208 2044 2286 anteferes.

1185 2294 1260 2367 Has
1274 2297 1340 2367 tibi
1356 2299 1498 2370 delicias
1513 2301 1623 2370 tristis
1638 2305 1730 2374 male
1751 2309 1894 2379 condiet
1908 2310 2003 2401 aula,

1238 2397 1400 2488 lugentes
1416 2424 1517 2472 curas
1532 2427 1622 2496 quae
1639 2406 1714 2476 sine
1729 2407 1798 2479 fine
1813 2410 1917 2500 parit.

1186 2495 1321 2569 Omnia
1335 2499 1499 2574 Plutonis
1514 2529 1605 2597 quae
1618 2508 1712 2597 regia
1730 2510 1842 2581 fertur
1856 2507 1987 2586 habere

1235 2601 1418 2696 Supplicia
1435 2606 1557 2675 infelix
1575 2604 1733 2707 afferet⁸)
1749 2613 1831 2683 aula
1846 2613 1924 2688 tibi.

1186 2854 2157 2888 --——-—--—-...--.-......„.........

1183 3024 1249 3096 No.
1270 3029 1352 3103 124.

1182 3122 1354 3155 w„
2000 3054 2179 3176 ese

1251 3231 1276 3284 A
1300 3233 1338 3284 ud
1363 3230 1491 3289 vincent.
1518 3252 1547 3319 p.
1576 3236 1639 3321 ¹⁴3:
1659 3264 1695 3278 -
1730 3241 1908 3316 Melanthos,
1933 3256 1965 3303 nt
1991 3269 2024 3304 ex
2050 3253 2151 3327 epistolia

1307 3302 1345 3357 ol.
1359 3305 1396 3359 11.
1409 3319 1439 3409 p:
1452 3305 1513 3361 872.
1526 3307 1703 3379 intelligitur,
1723 3310 1795 3365 misit
1809 3314 1862 3371 hoc
1874 3335 1968 3377 versus
1980 3320 2124 3392 spalatino.

1437 3473 1505 3553 Es
1525 3483 1640 3557 Arato
1669 3484 1718 3558 tie
1743 3489 1916 3566 comesta.

1173 3623 1305 3721 ’Όφρα
1320 3655 1375 3712 τις
1390 3627 1509 3727 οὐετίη
1520 3632 1637 3732 χαίρῃ
1653 3637 1921 3742 ποτιδέγμενος
1934 3643 2044 3747 ἀνήρ,

1178 3724 1272 3822 μήδ’
1289 3727 1360 3803 elev
1375 3732 1464 3806 καθ’
1482 3733 1647 3832 ὕπερθεν
1664 3735 1820 3827 ἐοικότες
1835 3743 1985 3844 ἄσπορος
2000 3754 2081 3826 οἴει.

1177 3829 1270 3924 μηθ’
1287 3828 1338 3914 εἷς
1353 3829 1445 3929 μήτε
1464 3832 1563 3925 δύω,
1589 3838 1684 3940 μηδὲ
1700 3843 1847 3930 πλέονες
1862 3845 2083 3948 κομόωντες,

1178 3931 1305 4006 πολλοὶ
1319 3933 1394 4037 γὰρ
1408 3934 1599 4033 κομόωοιν
1614 3941 1670 4017 ἐπ’
1686 3943 1869 4047 αὐχμηρῷ
1884 3952 2056 4056 ἐνιαυτῷ.

1178 4134 1321 4209 Fertilis
1334 4136 1521 4231 Agricolae
1537 4146 1628 4216 votis
1645 4151 1826 4243 contingat
1840 4170 1880 4227 ut
1897 4181 2026 4248 annus,
2049 4159 2054 4169 ¹

1177 4237 1369 4333 Nunquam
1386 4244 1554 4316 crinitum
1573 4249 1737 4322 videatur
1751 4254 1789 4323 in
1806 4272 1886 4329 aere
1898 4260 2010 4338 sidus.

1176 4338 1259 4409 Non
1274 4367 1367 4413 unus
1382 4347 1559 4434 geminive
1577 4352 1708 4423 micent
1724 4357 1886 4447 pluresve
1902 4378 2073 4454 cometae3

1178 4438 1360 4535 Apparere
1373 4449 1488 4519 solent
1502 4474 1574 4521 non
1590 4453 1682 4524 sicco
1698 4470 1857 4553 tempore
1874 4466 2004 4544 crebri.
2118 4522 2122 4528 -

1176 4616 1385 4633 *—

1211 4708 1238 4773 1)
1258 4706 1340 4762 Vino.
1354 4708 1485 4765 mendose
1496 4713 1634 4772 ambiam.
1745 4773 1753 4783 ,

1211 4810 1239 4878 2)
1258 4809 1328 4866 cod.
1341 4811 1407 4870 Bar.
1426 4813 1623 4885 Helleueia'nt,
1642 4823 1761 4896 eredas,
1778 4828 1874 4881 costes
1888 4834 2069 4902 umuli.
2089 4818 2091 4823 ⁴

1173 4936 1178 4947 ·
1210 4910 1239 4980 8)
1259 4914 1329 4968 eod.
1347 4915 1414 4976 Bae.
1433 4917 1512 4972 Haec
1523 4924 1624 4974 eadem
1638 4941 1702 4980 uere
1713 4945 1813 5000 meae,
1829 4937 1941 4997 imre.
1951 4937 2030 5006 sm.

1210 5016 1244 5084 1)
1254 5016 1318 5085 sert
1330 5020 1381 5072 tibi
1392 5026 1484 5088 saue]
1502 5021 1567 5078 eod.
1579 5022 1645 5080 Bae.
1654 5026 1727 5096 ficit
1740 5032 1868 5098 patim

1210 5118 1240 5188 5)
1259 5119 1341 5189 Cum]
1360 5121 1421 5177 eod.
1436 5125 1503 5180 sav.
1523 5126 1612 5184 Dum.
1721 5166 1727 5183 .

1213 5226 1243 5292 6)
1261 5223 1375 5292 offeret]
1391 5224 1455 5281 cod.
1469 5231 1534 5285 aar.
1551 5230 1685 5299 conseret.
