4546 5760
33 133 35 136 ⁴
106 126 202 200 aa*
284 54 1955 251 arrsrominun',runrcronuu‘arscelerosoru-c'rs.·rir.
2094 130 2171 223 ss‘

105 297 306 389 illustrandi
330 320 385 365 res
410 296 585 365 abstrusas
610 308 643 364 et
666 295 710 364 de
738 293 959 383 gravioribus
979 280 1093 367 causis
1150 299 1284 370 litatem
1317 302 1483 394 privatim
1514 306 1682 379 omnibus
1712 323 1747 380 et
1783 314 1975 409 rebnspub.
2007 286 2147 393 adterat

107 401 199 471 clare
219 399 379 477 dicendi,
414 398 482 465 sibi
503 412 693 487 comparet.
745 395 835 465 Neam
860 397 1096 489 quid-attinet
1150 395 1254 496 haec,
1287 428 1376 496 quae
1392 420 1582 492 vocantur,
1615 411 1768 515 puerilia
1784 417 1914 492 studia.

106 504 276 590 attingere
295 502 429 584 literas,
454 499 525 567 uisi
545 523 664 568 eruum
683 500 890 568 tractatione
908 513 983 569 turn
1001 499 1097 568 iudi-

106 606 201 675 cium
233 624 419 685 acuamus,
456 615 532 685 tum
552 622 788 671 assuescamus
811 600 971 677 obscuris
991 604 1097 671 rebus

105 706 243 781 adferre
264 705 385 774 lumen
409 704 579 786 dicendo,
611 714 652 771 ut
676 717 710 771 et
730 700 861 772 rectius
881 726 964 771 cera
980 726 1097 797 pervi-

108 809 273 891 deamus,
309 819 343 875 et
367 804 539 895 imperitis
564 790 786 873 commodius
802 828 1034 894 exponamus,
1066 818 1099 874 et
1161 813 1164 819 “
1192 874 1199 884 ,

109 910 148 977 ἰιι
170 922 346 1000 aspectum
372 908 556 998 lucemque
576 906 806 997 proferamus.
856 902 953 995 Ergo
969 932 1099 998 propo-

30 1077 33 1087 ,
107 1012 208 1081 nitur
234 1008 497 1101 Quintilianus,
524 1021 565 1077 ut
589 1003 880 1078 indeDialectica
904 1022 940 1078 et
960 1004 1100 1082 Rheto-

109 1114 184 1182 rica
202 1110 361 1182 absulnte
382 1112 575 1185 discantur.

211 1260 268 1335 Ad
285 1280 431 1336 naturae
447 1262 631 1334 scientiam
645 1256 851 1332 ‘conducent
870 1256 1101 1333 Mathemati-

96 1366 173 1461 ‘cae
189 1361 410 1461 etPhysicae
427 1365 693 1458 praelectiones.

212 1498 271 1571 Ad
293 1501 522 1570 iudicandum
541 1500 585 1569 de
600 1498 759 1568 moribus
775 1497 971 1569 'traduntur
985 1498 1104 1588 priva-

111 1607 232 1678 timet
255 1603 396 1695 publice
418 1602 579 1694 plerique
603 1601 688 1669 libri
712 1613 892 1669 oratorum
916 1624 956 1668 ac
978 1598 1103 1670 Poeta-

83 1716 91 1729 “
111 1730 212 1791 rum,
245 1705 307 1797 qni
323 1705 419 1795 pleni
436 1717 519 1774 sunt
534 1699 689 1772 honestis
702 1701 895 1793 praeceptis
910 1702 1025 1770 civilis
1048 1701 1103 1768 vi-

111 1825 179 1880 tae.
240 1803 304 1875 Est
325 1806 419 1873 enim
442 1805 665 1874 verissimum
695 1804 805 1888 illud,
844 1805 938 1895 qnod
965 1803 1105 1894 scripsit

110 1908 282 1979 Horatius
288 1959 300 1994 ,
328 1904 383 1974 Et
396 1901 566 2003 prodesse
582 1903 706 1975 colant
723 1914 754 1973 et
771 1899 946 1972 delectare
961 1898 1104 1973 Poetae.

111 2011 312 2082 Plurimum
329 2023 446 2079 autern
462 2010 506 2077 ad
524 2003 615 2075 hane
638 2023 773 2099 partera
788 2005 1000 2076 eruditionis
1018 2032 1103 2076 con-

111 2115 232 2183 serunt
250 2112 361 2181 libelli
377 2109 559 2181 Ciceronis
575 2111 620 2179 de
634 2109 770 2178 officiis.

212 2246 260 2321 Et
288 2247 370 2342 quia
398 2246 586 2339 plaeraque
620 2245 663 2313 de
691 2237 875 2317 natura'et
902 2245 1104 2316 morihusa

113 2349 261 2422 Graecis
286 2344 497 2419 authoribus
524 2348 673 2436 petenda
692 2362 791 2431 sunt,
824 2349 929 2418 debet
951 2350 995 2416 ad
1020 2343 1104 2415 haec

25 2474 28 2480 ·
114 2455 277 2525 accedere
300 2450 403 2521 etiam
425 2448 582 2521 studium
606 2450 679 2517 eius
708 2449 860 2538 linguae.
919 2444 986 2517 His
1011 2474 1106 2532 vero,

114 2557 176 2650 qui
191 2578 304 2625 sacras
319 2553 438 2623 literas
452 2566 545 2621 recte
561 2564 709 2621 tractare
726 2552 863 2630 volent,
891 2560 942 2619 est
956 2564 1104 2645 utraque

114 2672 192 2729 turn
210 2656 372 2738 Hebrea,
407 2679 486 2723 cum
506 2651 640 2722 Graeca
657 2652 926 2742 pernecessaria.

217 2806 292 2896 Qui
307 2801 528 2896 praeparavit
544 2799 723 2891 ingenium
742 2795 810 2870 hoc
826 2824 952 2891 genere
972 2800 1104 2871 doctri·

114 2933 182 2980 nae
204 2923 238 2979 et
264 2903 319 2976 his
334 2906 487 2984 artibus,
521 2926 608 2997 quas
630 2904 885 2988 recensuimus,
918 2904 948 2972 is
962 2903 1104 2973 demum

114 3013 210 3083 viam
235 3011 279 3079 ad
302 3030 416 3077 sacras
437 3007 556 3077 literas
572 3017 664 3074 recte
686 3008 903 3091 tractandas,
936 3019 971 3075 et
991 3006 1033 3074 ad
1050 3006 1105 3074 ius

107 3114 296 3207 publicum
323 3110 392 3179 sibi
416 3107 580 3180 munivit.
639 3105 828 3193 Quomodo
857 3104 1105 3176 enim'iudica-

116 3219 207 3287 horit
229 3215 273 3296 ii,
309 3214 370 3305 qni
394 3211 431 3278 in
447 3205 674 3296 'l‘heolugieis
691 3207 802 3277 literis
821 3208 954 3277 versari
971 3210 1105 3292 volent,

116 3323 161 3386 de
177 3338 338 3384 sermone
358 3336 537 3382 sacrorum
559 3309 804 3394 voluminum,
836 3310 866 3380 si
891 3311 1049 3400 linguas,
1075 3311 1103 3379 si

116 3420 306 3510 figurarum
330 3415 403 3483 vim
422 3410 687 3503 ignoraverint?
729 3414 908 3505 quomodo
928 3427 1105 3503 exponent

97 3501 211 3591 'sacra
235 3523 417 3608 dogmata,
451 3516 478 3584 si
502 3515 637 3584 nnllam
660 3513 841 3597 scientiam
870 3527 961 3583 recte
984 3515 1103 3606 dispo·

115 3624 253 3691 nendae
289 3619 594 3710 contexendaeque
631 3615 803 3685 orationis
838 3616 1006 3687 scierint?
1055 3613 1105 3686 At

116 3721 201 3794 hacc
225 3722 316 3791 nulli
339 3721 416 3788 sine
439 3742 567 3809 magno
591 3741 657 3786 usu
682 3709 808 3786 harum
832 3718 979 3801 artium,
1018 3739 1104 3808 quas

30 3878 42 3898 .
115 3826 270 3895 diximus
294 3821 478 3910 contingit.
531 3819 628 3909 Quid
653 3833 770 3887 antem
790 3819 945 3888 efficiunt
962 3819 999 3886 in
1015 3831 1104 3888 tem-

116 3928 184 4020 plis
207 3928 252 4010 ii,
285 3925 347 4018 qui
378 3924 416 3991 in
437 3924 595 3992 docenda
620 3919 792 4009 religione
816 3920 953 3990 nullam
978 3923 1023 3990 ad
1045 3943 1104 3988 ex-

115 4027 317 4119 plicandum
330 4026 503 4095 rationem
516 4026 647 4093 'certam
659 4017 844 4101 adhibent,
868 4022 939 4090 nisi
956 4035 993 4092 ut
1004 4034 1103 4091 tene·

1249 535 1291 610 si
1303 539 1388 633 quis
1401 538 1602 637 Magisterii
1615 545 1761 618 titulum
1775 549 1908 642 ambit,
1928 551 1961 627 is
1975 554 2066 632 sciat
2077 554 2150 632 sihi

1960 749 2005 832 P.
2033 754 2094 835 M.

1165 961 2137 998 ..n-...mm

1068 703 1077 720 ,
1149 637 1189 709 in
1205 631 1263 709 his
1281 641 1420 715 artibus
1434 670 1579 739 operam
1594 670 1667 721 esse
1682 653 1897 744 ponendam.

1163 1122 1229 1194 No.
1250 1124 1364 1201 7081.

1158 1220 1371 1261 Μ

1515 1318 1795 1437 (Studiosis.)
1890 1311 1900 1330 ‘
2010 1240 2147 1273 M

1163 1532 1172 1552 ‚
1222 1486 1298 1555 fle
1314 1487 1379 1544 ..a
1399 1490 1481 1552 aaa.
1494 1491 1539 1549 ss.
1557 1496 1682 1569 μοι..)

1295 1655 1432 1735 Rectur
1457 1661 1678 1742 Academiae
1706 1667 2004 1768 (Scholasticis).

1155 1796 1354 1903 Praecipua
1378 1815 1572 1887 consolatio
1596 1819 1633 1888 in
1658 1821 1767 1892 tantis
1789 1824 1905 1895 ruinis
1921 1826 2019 1896 orbis
2037 1841 2151 1900 terra·

1157 1935 1235 1980 rum
1252 1907 1337 1983 haec
1353 1917 1456 1986 nobis
1471 1923 1650 2011 proposita
1664 1937 1734 2008 est,
1766 1928 1863 2018 quod
1886 1929 2052 1999 ecclesiae
2069 1936 2149 2021 pol-

1157 2014 1281 2083 licetur
1296 2017 1409 2100 Deus,
1431 2043 1505 2088 non
1525 2021 1750 2095 interituram
1767 2049 1849 2097 esse.
1901 2026 2022 2101 Erunt
2040 2031 2151 2121 igitur

1156 2115 1295 2208 aliquae
1313 2119 1474 2207 politiae,
1506 2147 1596 2215 quae
1620 2127 1691 2214 sint
1714 2128 1894 2196 domicilia
1911 2133 2150 2222 ecclesiarum,

1157 2218 1339 2310 inquibus
1357 2222 1521 2293 videlicet
1536 2240 1635 2294 sonat
1652 2253 1719 2296 vox
1735 2230 1919 2318 evangelii.
1963 2229 2150 2328 Nusquam

1157 2320 1251 2387 enim
1268 2322 1353 2389 alibi
1371 2338 1419 2392 est
1436 2325 1578 2395 ecclesia
1597 2328 1666 2396 nisi
1682 2329 1744 2398 nbi
1763 2356 1829 2398 vox
1844 2334 2017 2422 evangelii
2036 2353 2149 2410 sonat.

1157 2418 1248 2490 Cum
1273 2424 1380 2510 igitur
1400 2424 1467 2492 Dei
1491 2428 1710 2517 benignitate
1734 2431 1773 2499 in
1796 2427 1862 2502 hac
1879 2437 2058 2506 academia
2077 2440 2150 2509 sint

1159 2525 1481 2613 evangeliistud'ia,
1507 2543 1546 2600 ut
1564 2554 1602 2599 ea
1615 2532 1828 2607 retineamus
1840 2535 1996 2626 prolecto
2014 2540 2151 2610 maiore

1158 2648 1240 2692 cura
1267 2638 1302 2694 et
1327 2627 1455 2716 pietate
1481 2630 1613 2721 politia.
1632 2651 1751 2705 nostra
1778 2636 1910 2705 tuenda
1937 2649 1971 2706 et
1996 2640 2150 2711 fovenda

1158 2738 1247 2811 erat,
1275 2741 1309 2797 et
1324 2731 1369 2798 ab
1387 2728 1448 2807 iis,
1475 2733 1537 2824 qui
1554 2750 1737 2824 praesunt,
1763 2749 1796 2805 et
1812 2761 1831 2807 a
1847 2738 2003 2809 caeteris.
2055 2741 2150 2831 Qui·

1157 2829 1238 2895 darn
1256 2829 1305 2900 sic
1320 2830 1448 2901 vivunt
1461 2832 1500 2901 in
1516 2837 1697 2925 republica
1713 2839 1815 2930 quasi
1830 2839 1976 2929 cupiant
1991 2858 2149 2914 evertere

1157 2930 1288 3001 omnia.
1343 2930 1417 3000 Alii
1440 2957 1502 3004 sua
1524 2936 1651 3006 frivola
1675 2938 1761 3007 vitia
1786 2936 1877 3009 nihil
1901 2944 2078 3031 pertinere
2104 2949 2146 3019 ad

1157 3033 1411 3123 rempublicam
1429 3050 1566 3127 putant.
1622 3037 1691 3109 Sed
1712 3040 1800 3110 scire
1819 3066 1941 3111 omnes
1959 3036 2149 3133 debebant,

1158 3156 1229 3200 non
1247 3157 1347 3225 posse
1363 3136 1471 3204 ullam
1489 3138 1649 3228 politiam
1665 3141 1880 3213 incolumem
1897 3147 2047 3233 servari,
2076 3149 2148 3219 nisi

1157 3234 1328 3324 singulari
1343 3236 1524 3328 diligentia
1535 3265 1657 3312 omnes
1669 3244 1887 3335 coniungant
1900 3248 2035 3334 studia,
2058 3249 2150 3322 sicut

1158 3336 1194 3403 in
1212 3331 1368 3407 humano
1387 3365 1534 3433 corpore
1551 3368 1689 3414 necesse
1705 3360 1774 3427 est,
1799 3347 1956 3417 membra
1972 3373 2149 3452 congrue-

1157 3461 1206 3512 re.
1257 3437 1343 3509 Cras
1357 3456 1492 3529 autem,
1525 3447 1620 3538 quod
1637 3448 1790 3518 faustum
1808 3448 1963 3542 felixque
1978 3452 2044 3533 sit,
2080 3454 2147 3522 eli·

1156 3554 1257 3628 getur
1281 3539 1494 3613 Academiae
1515 3559 1641 3618 rector.
1704 3547 1825 3638 Quare
1843 3553 2073 3638 mandamus,
2108 3570 2148 3625 ut

1156 3637 1354 3712 scholastici
1388 3647 1601 3719 conveniant
1627 3644 1713 3721 hora
1747 3652 1893 3742 septima
1927 3652 1969 3725 in
1991 3655 2148 3727 maximo

1156 3743 1334 3815 auditorio
1361 3758 1395 3814 et
1416 3750 1721 3821 renunciationem
1744 3754 1903 3828 audiant.
1967 3753 2148 3828 Debemus

1157 3844 1250 3912 enim
1270 3847 1667 3942 ecclesiae'diligentiam
1683 3857 1944 3927 conservandae
1958 3853 2068 3932 huius
2083 3884 2149 3953 po·

1156 3946 1263 4022 litiae.
1313 3946 1435 4021 Pridie
1449 3949 1595 4029 Calend.
1613 3953 1715 4030 Maii.

114 4135 196 4202 bras
210 4130 399 4199 offundant
413 4126 616 4196 auditorum
632 4123 759 4204 oculis,
783 4147 857 4193 non
870 4138 911 4194 ut
923 4122 1104 4194 dimittant
1150 4179 1304 4198 ...-.
2069 4188 2154 4210 Η

114 4233 330 4310 auditorem,
354 4241 413 4298 aut
424 4228 673 4310 eruditiorem,
696 4238 756 4294 aut
772 4226 965 4299 cireliorem.
1004 4223 1101 4313 Quid

115 4337 153 4406 in
168 4336 245 4404 soro
261 4331 479 4416 causidicus,
504 4331 534 4398 si
551 4325 696 4399 honesta
710 4329 824 4398 oratio
835 4352 915 4397 eum
930 4328 975 4396 de
990 4351 1102 4421 aequo
1154 4358 1220 4430 No·
1242 4360 1364 4434 7082·

114 4461 154 4507 ac
181 4430 297 4515 bono,
337 4434 451 4526 deque
478 4431 577 4501 omni
599 4444 724 4500 natura
756 4429 897 4502 virtutis
925 4429 1103 4511 destituet,
1159 4455 1371 4497 um

112 4539 305 4632 praestabit
318 4536 438 4621 aliud,
470 4557 576 4627 quam
592 4532 687 4625 quod
707 4532 746 4601 in
763 4529 982 4617 Comoediis,
1012 4554 1103 4650 quae

114 4653 262 4725 vocant,
293 4640 405 4734 κῶφα
424 4629 611 4735 πρόςωπα.
662 4632 736 4723 Qui
759 4658 843 4704 vero
862 4658 898 4704 se
916 4635 961 4703 ad
984 4630 1103 4703 Medi-

114 4743 230 4812 cinam
250 4739 458 4820 contulerit,
493 4738 562 4808 nisi
588 4752 629 4807 e'o
646 4730 713 4805 hoc
733 4737 868 4807 adseret
884 4735 1102 4806 instrumen-

23 4906 30 4927 ,
114 4857 190 4915 turn
205 4837 453 4940 φυσιολογίαν
467 4855 500 4911 et
516 4836 751 4924 Mathemata,
785 4833 943 4908 haerebit
958 4837 1102 4930 ubique,

112 4960 282 5040 tauquam
299 4945 337 5012 in
355 4940 460 5030 luto,
482 4945 521 5012 in
537 4943 613 5012 eius
628 4940 714 5010 artis
732 4939 1044 5031 disputationibus.

1965 4467 2138 4501 *m

1505 4565 1794 4678 (Studiosis.)

1223 4738 1246 4811 †
1265 4737 1301 4808 (E
1313 4738 1376 4795 cod.
1392 4741 1473 4799 Basil.
1489 4740 1535 4801 59.
1553 4762 1581 4817 p.
1594 4745 1650 4815 ⁶2.)

1504 4905 1800 5008 (Auditon'bas.)
1848 4891 1850 4896 η

209 5079 306 5151 Haec
327 5102 472 5149 monere
498 5074 771 5149 adulescentiam
795 5074 991 5161 voluimus,
1024 5097 1101 5144 non
1151 5050 1312 5134 Praebui
1337 5076 1477 5152 guttum
1502 5085 1582 5146 seu,
1615 5075 1656 5134 ut
1676 5064 1821 5154 dicunt,
1852 5065 1993 5170 δεῖγμα
2006 5073 2147 5149 fabula-

109 5184 217 5255 modo
236 5197 277 5255 ut
296 5182 419 5268 sciret,
445 5204 550 5275 quem
569 5181 609 5249 in
628 5179 795 5249 discendo
818 5177 981 5253 ordinem
999 5176 1101 5272 sequi
1152 5183 1232 5236 rum
1260 5157 1482 5284 Qurlpt'dt's,
1521 5165 1732 5287 etoupiuor,
1772 5171 1961 5244 lectionem
1989 5178 2145 5300 duanam

107 5287 304 5374 conducat,
333 5282 520 5357 sedetiam
533 5296 574 5358 ut
590 5282 819 5375 expenderet,
841 5294 1009 5376 quantam
1024 5279 1097 5352 uti-
1150 5268 1429 5364 tragoedum,
1463 5290 1550 5365 ques
1565 5281 1819 5376 mterpretatus
1837 5296 1936 5365 sum,
1970 5280 2145 5358 studiosis
