4546 5760
748 138 1088 220 castulum
1122 139 1230 267 Lnt
1257 73 1297 216 b
1524 130 1530 139 ’
1954 149 2035 232 ⁶02

97 326 197 424 quod
209 324 368 398 didicere
380 321 541 406 fabulas,
564 342 655 414 quas
667 314 852 405 exhibent,
1037 311 1093 386 De
1109 315 1239 412 studiis
1252 313 1339 387 lolii
1353 316 1562 408 longissima
1576 321 1711 392 mentio
1728 324 1830 399 iacta.

94 444 152 503 sta
165 452 269 500 causa
282 440 336 500 est
349 439 390 497 ut
404 425 507 495 latini
525 423 628 515 copia
1038 412 1075 487 0
1091 430 1125 488 te
1139 418 1301 488 ioelicem
1319 421 1426 491 talem
1441 442 1523 491 cum
1537 421 1607 491 fata
1626 424 1801 496 dederunt

94 531 176 604 onis
187 525 418 601 exhauriatur
433 552 476 598 er
491 522 548 597 his
560 523 734 597 fontibus.
1039 517 1219 602 Mentem,
1246 542 1336 614 quas
1352 523 1451 612 vulgi
1466 524 1647 595 damnosis
1664 525 1776 598 libera
1789 530 1897 616 curis,

94 619 166 722 'sos
180 633 300 704 studio
315 633 434 703 lavere
449 628 600 699 maxime
615 630 730 698 decet:
1041 620 1134 692 Vera
1149 623 1249 717 sequi
1263 637 1373 697 certet
1388 625 1483 696 bona
1499 649 1575 694 non
1590 626 1745 699 obnoxia
1763 633 1880 705 morti.
1929 637 1933 642 ’

94 737 160 809 bns
175 735 261 827 ipsis
278 734 413 807 utilitas
428 745 465 803 et
480 730 592 822 gratia
681 807 689 814 ,
1038 721 1183 795 Caetera
1199 726 1302 796 turba
1316 722 1480 798 homines
1494 750 1570 798 uon
1585 754 1658 800 uno
1675 754 1795 804 errore
1810 748 1988 823 tenentur,

94 862 120 910 ts
135 838 244 923 inest,
266 836 442 927 >imagines
460 835 553 904 vitae
571 831 731 902 omnium
1038 823 1128 895 Nam
1143 827 1305 922 plerique
1317 830 1419 920 gulae
1432 844 1614 902 sectantur
1627 837 1832 922 commoda,
1858 849 1891 907 et
1905 837 2018 930 ipsam

94 953 195 1014 antur
208 939 248 1009 in
265 938 429 1010 Terentii
443 933 661 1021 Comoediis,
1039 925 1190 1000 Vincere
1205 934 1427 1004 contendunt
1442 932 1628 1028 Sybarim,
1655 960 1737 1029 pers
1753 939 1863 1031 pallet
1877 964 1997 1013 amore

106 1040 285 1133 singulos,
297 1040 427 1134 qualis
443 1041 563 1110 deceat
577 1036 787 1108 moderatio.
1038 1026 1301 1104 Accumulandi
1315 1035 1411 1121 auri,
1438 1036 1628 1129 studioque
1642 1041 1791 1114 senescit
1804 1036 1978 1118 habendi.¹

94 1145 163 1216 isse
175 1145 215 1216 in
233 1143 371 1215 actione
385 1141 557 1233 dignitas,
580 1152 740 1212 monent.
1038 1129 1272 1229 Ambitioque
1288 1137 1383 1230 capit
1396 1139 1546 1222 multos,
1572 1141 1752 1236 fascesque
1765 1145 1924 1235 superbi,

94 1271 179 1343 eque
194 1247 326 1317 mixtus
341 1257 409 1330 est,
432 1245 592 1337 salesque
607 1241 762 1313 candidi.
1039 1230 1086 1305 Et
1098 1236 1176 1308 leve
1190 1238 1325 1310 fallacis
1341 1239 1438 1330 vulgi
1453 1241 1681 1336 studiumque
1696 1246 1879 1339 favorque,

94 1349 252 1421 navitate
265 1348 465 1420 orationem
481 1345 667 1430 condiunt,
1038 1335 1135 1408 Haec
1151 1363 1294 1435 quoqne
1310 1366 1386 1428 me,
1411 1342 1481 1412 nisi
1499 1341 1570 1414 luli
1588 1347 1736 1435 probas,
1761 1348 1902 1420 insania
1917 1350 2048 1441 coepit

94 1474 155 1545 epe
171 1462 262 1522 tecte
276 1462 521 1533 commonent,
547 1449 646 1541 quod
658 1444 810 1537 expedit.
1036 1438 1155 1510 Flacci
1172 1466 1271 1513 more
1286 1443 1392 1528 boni,
1416 1458 1542 1516 tenues
1556 1448 1731 1521 deducere
1748 1473 1889 1522 versusc

94 1576 131 1625 se
147 1555 328 1648 quondam
342 1547 584 1623 ferturhttica
599 1549 733 1632 civitas,
807 1559 809 1564 ’
1036 1541 1097 1614 Sic
1112 1544 1218 1614 etiam
1233 1567 1365 1640 cygnos
1382 1547 1567 1620 imitabere
1583 1575 1689 1622 corve
1705 1572 1867 1628 canoros.

94 1653 309 1727 tldenandri
322 1652 459 1725 Comici
476 1652 613 1747 lepidos
627 1652 717 1721 sales
883 1699 886 1706 -
1037 1644 1097 1714 Tu
1111 1647 1203 1716 vitae
1216 1648 1345 1721 melius
1360 1652 1507 1743 coepisti
1523 1651 1592 1723 iter
1606 1653 1746 1745 ingredi
1763 1654 1846 1741 Iuli,

94 1783 118 1829 x
130 1759 215 1828 salis
227 1781 371 1850 spuma,
393 1754 516 1825 Venus
531 1779 601 1848 qua
616 1753 747 1824 dicitur
1035 1744 1207 1820 Palladiis
1220 1764 1322 1822 natas
1336 1767 1431 1825 artes
1447 1756 1534 1825 dum
1550 1754 1648 1827 solus
1661 1751 1830 1846 Athenis,

94 1873 145 1945 ta,
169 1859 326 1953 primum
341 1883 382 1928 ex
399 1852 543 1928 Oceaua
561 1881 641 1927 cum
657 1855 809 1948 prodiit:
1037 1846 1156 1944 Atque
1177 1867 1301 1924 auctus
1323 1855 1435 1951 veteri
1453 1856 1554 1927 Latio
1575 1857 1614 1926 in
1636 1859 1791 1951 patrium
1815 1859 1957 1934 invehis
1971 1888 2032 1936 or·

94 1961 241 2032 sedicsri
257 1975 291 2031 et
308 1963 352 2030 de
368 1958 530 2029 Terentii
546 1959 633 2028 iocis
1552 1952 1644 2047 hem,

94 2087 206 2158 ,quam
223 2062 459 2133 severioribus
473 2061 692 2133 conceditur,
1037 2052 1261 2150 Virtutisque
1278 2055 1391 2140 viam,
1416 2058 1578 2156 legesque
1593 2060 1779 2135 ostendere
1793 2066 1923 2159 pergis.

109 2161 367 2236 Phormionem
386 2177 527 2239 acturus
543 2177 596 2234 est
612 2177 733 2234 noster
749 2156 880 2232 chorus
1036 2154 1155 2227 Macte
1169 2158 1291 2229 animo
1310 2160 1471 2247 iuvenis,
1497 2177 1711 2258 coeptosque
1723 2159 1853 2258 urgere
1866 2169 2007 2244 labores

94 2268 225 2338 sraebet
242 2267 282 2336 in
298 2262 365 2336 hoc
382 2265 548 2335 innoxios
565 2258 704 2335 theatro
720 2265 829 2337 iocos.
1036 2256 1089 2326 Ne
1105 2259 1250 2346 desiste,
1274 2260 1375 2334 dabit
1393 2288 1557 2334 curarum
1574 2268 1732 2358 praemia
1750 2268 1866 2363 digna

94 2362 318 2464 .’hormiones¹
331 2381 414 2438 sunt
429 2368 558 2459 opinor
572 2367 720 2459 plurimi
1035 2357 1229 2438 Posteritas
1245 2364 1390 2446 melior,
1416 2364 1598 2460 iustosque
1611 2373 1781 2460 rependet
1797 2367 1962 2462 honores,

106 2471 179 2543 suis
195 2470 258 2566 qui
273 2465 513 2566 sycophantiis
527 2481 686 2554 movent,
1036 2461 1129 2548 Nos,
1151 2464 1303 2556 patiare,
1328 2464 1388 2559 pio
1404 2480 1438 2538 te
1451 2469 1608 2540 carmine
1625 2470 1797 2563 dicimus,
1823 2490 1930 2573 atque

94 2587 216 2668 totque
233 2587 305 2645 tota
322 2596 448 2662 regna,
474 2594 564 2665 quos
578 2567 761 2644 coherceat
1036 2560 1123 2636 Esse
1139 2567 1191 2638 tui
1206 2568 1320 2659 gregis
1333 2583 1497 2662 optamus
1512 2596 1594 2664 pars
1611 2573 1745 2667 optime
1758 2568 1841 2650 Iuli.

96 2731 108 2763 ‚
130 2675 300 2770 piamque
316 2671 494 2745 Ecclesiae
508 2697 630 2765 pacem
647 2697 731 2744 suae
1900 2697 1906 2706 ·

94 2772 377 2874 ycophantarum
394 2776 585 2869 peremptis
601 2777 770 2858 coetibus,

94 2879 215 2950 onium
229 2880 397 2950 incendat
413 2891 598 2969 regentum
614 2891 767 2968 pectora,

94 2982 237 3054 ritatem
254 2982 421 3054 traditam
438 2979 611 3051 divinitus
1062 2985 1128 3060 No,
1139 2983 1201 3061 50,
1841 3032 1905 3071 J„
1925 3011 2018 3076 1525·

94 3107 149 3169 ra,
174 3083 417 3175 iustitiamque
430 3079 508 3152 Deo
523 3097 657 3173 gratam
673 3083 804 3158 colant.
1043 3083 1214 3112 *Ν
1852 3101 2022 3129 *0⁴⁸⁴
2113 3088 2119 3101 ·

95 3208 183 3258 0⁸⁸0·
234 3184 340 3256 Nunc
354 3184 607 3255 Teresslldlldm
621 3185 779 3254 fabulam
1104 3204 1168 3261 Tria
1184 3205 1318 3278 epitaphia
1332 3207 1492 3279 thiderico,
1514 3209 1587 3267 Deci
1601 3213 1662 3269 Sar.
1676 3215 1775 3286 scripta
1787 3214 1917 3288 leguntur
1930 3221 1958 3275 in
1972 3222 2030 3276 iso-

94 3312 120 3361 :e
135 3311 266 3383 quaeso
281 3312 362 3358 cum
377 3286 569 3373 modestia,
593 3300 633 3359 ut
648 3287 759 3359 decet.
1139 3276 1232 3398 fstlm
1245 3278 1363 3361 ⁸⁰?“lla
1388 3277 1415 3331 ⁵¹¹
1432 3283 1593 3362 ⁰tta¹³⁸⁵⁵¹=
1612 3302 1637 3352 Ρ·
1650 3283 1710 3340 ⁸3⁷·
1723 3298 1748 3338 ⁰¹
1762 3290 1833 3410 aqua
1848 3288 1928 3346 vinc.
1947 3295 2028 3361 e·⁹5.

1164 3365 1242 3399 ecura
1257 3360 1335 3400 ettam
1349 3368 1377 3401 ιιι
1391 3348 1506 3402 Scultets
1520 3352 1609 3409 annal.
1626 3353 1694 3408 Dec.
1706 3352 1728 3406 l.
1749 3373 1774 3424 p.
1801 3356 1844 3409 29.

1070 3519 1318 3630 Epitaphium
1343 3523 1609 3620 Frtderics',
1636 3530 1759 3602 Ducis
1776 3536 1994 3628 Scanatus,

94 3659 168 3785 423
642 3667 781 3742 pm„
796 3686 843 3726 „⁸
861 3665 972 3744 1525.)
1291 3630 1481 3722 Principis
1501 3633 1684 3706 Electoris
1703 3639 1768 3762 etc.

1036 3793 1069 3867 A
1374 3794 1441 3865 B·
1504 3798 1512 3816 ·
1738 3802 1747 3821 ·

106 3874 346 3946 tsnagtneSecer.
361 3874 426 3925 etin
444 3868 785 3951 appensusque.
822 3870 985 3940 Apum·
1025 3859 1029 3867 .
1071 3808 1241 3887 ntepetet
1257 3819 1361 3867 cursu
1407 3821 1554 3868 osemsca
1568 3824 1652 3870 rura
1669 3824 1812 3894 supino,
1869 3844 1874 3855 .

94 3954 165 4002 nent.
184 3964 210 4017 p.
227 3947 283 4000 115.
304 3973 332 3984 -
371 3941 422 3993 lllo
444 3950 567 4008 tempore
585 3939 668 3992 fuisse
682 3939 829 3993 amicitiam
843 3942 915 3994 intes·
925 3940 984 3994 Me·
1087 3896 1193 3970 Unde
1207 3898 1248 3966 in
1261 3897 1455 4018 saxonifoe
1471 3901 1595 4019 definit
1611 3899 1715 3973 Albis
1731 3927 1848 3994 38Γοδῖ

94 4014 253 4069 lanthonem
267 4024 294 4066 et
311 4010 408 4063 lulium
423 4008 577 4078 Pssugium,
596 4018 729 4063 testantur
742 4009 869 4098 epistolae
888 4011 949 4066 Vol.
965 4012 985 4065 Ι.
1036 3998 1172 4094 Inclyta
1189 4025 1295 4093 quam
1312 4016 1421 4093 posslt
1436 4020 1645 4074 mertlorum
1661 4006 1752 4076 sama
1771 4020 1914 4077 luorum

94 4101 119 4158 t·
133 4083 193 4137 ⁷⁶¹·
212 4082 277 4136 ⁰⁰¹¹·
293 4081 383 4154 ΡΜ
397 4090 424 4131 ⁶¹
435 4077 496 4132 ⁹⁸⁹·
720 4158 724 4169 .
1088 4096 1263 4173 Occidere
1279 4102 1318 4172 in
1335 4102 1495 4196 populis,
1522 4107 1604 4181 Dux
1622 4103 1822 4190 Friderice,
1845 4105 1929 4181 tuis.

94 4218 280 4337 ,My-im
306 4235 528 4312 Melantho„
552 4236 675 4309 lah-⁰
702 4230 889 4334 mm·
1036 4201 1156 4377 Aulqes
1169 4205 1336 4325 viderunt
1352 4200 1418 4326 hae
1435 4220 1555 4324 gentes
1570 4209 1707 4295 secula,
1732 4212 1833 4302 regni
1986 4280 1997 4291 ,
2078 4312 2082 4323 l

852 4378 862 4386 „
1124 4333 1183 4378 um
1199 4307 1266 4377 t1b1
1282 4298 1449 4379 Saxonscs
1462 4322 1597 4402 sceptra
1613 4324 1734 4382 tenere
1746 4314 1869 4384 datum
1886 4324 1947 4387 est.

94 4444 97 4481 e
111 4411 248 4509 equites
257 4409 353 4504 Mysi
365 4410 543 4502 quendam
558 4406 738 4478 celebrant
748 4401 983 4502 hymenaeum
1038 4407 1127 4479 Pace
1143 4409 1216 4479 frui
1232 4408 1369 4501 placida
1384 4412 1569 4506 campique
1584 4415 1759 4507 urbesque
1774 4416 1949 4499 solebant,

94 4541 109 4587 e
122 4515 258 4606 agitant
272 4507 434 4582 convivia
453 4510 556 4595 laeti,
581 4521 616 4578 et
631 4508 756 4600 pocula
772 4524 917 4595 certant,
1087 4508 1276 4581 Horrenda
1292 4511 1454 4584 extimuit
1470 4514 1612 4585 classica
1626 4516 1725 4585 nulla
1742 4535 1866 4603 nums,

94 4617 297 4712 aperegrino
312 4609 495 4685 Thracum
509 4613 639 4680 siccare
656 4610 822 4680 vicissim.
938 4663 942 4667 -
1036 4612 1137 4683 Bella
1151 4613 1213 4682 alii
1227 4615 1341 4694 ferro,
1370 4617 1430 4685 sed
1446 4629 1484 4686 ιιι
1500 4618 1638 4687 ratione
1652 4619 1807 4706 gerebas.

94 4719 256 4803 sicerum,
281 4716 356 4808 ipsa
372 4738 434 4784 sua
448 4737 614 4804 germana
629 4713 799 4782 modestia
818 4711 900 4784 s‘ede
1088 4711 1135 4785 Et
1151 4715 1228 4784 sine
1243 4709 1280 4784 v‘i
1295 4715 1379 4785 victi
1394 4740 1496 4810 saepe
1512 4721 1638 4789 dedere
1653 4743 1792 4795 manus.

94 4835 137 4908 st,
163 4835 198 4891 et
212 4820 315 4890 luxus
334 4818 502 4887 virtutem
519 4813 776 4914 eiecitavitam,
1036 4816 1185 4909 Ingenio
1203 4817 1314 4888 claros
1327 4821 1488 4890 ‘meruisti
1505 4829 1608 4912 saepe
1623 4811 1838 4913 triumphos,
1861 4846 1878 4859 ⁶

94 4924 139 4994 tbi
155 4921 321 4994 convivas
338 4921 432 4990 inter
446 4917 648 4988 doctissime
661 4915 741 4999 Iuli,
1087 4919 1275 5013 Militeque
1290 4915 1387 4990 haud
1401 4922 1477 4992 ullo
1490 4922 1557 4996 fixa
1572 4919 1739 5015 trophaea
1757 4924 1835 4998 tihi.

94 5026 134 5096 tvi
151 5024 338 5104 luvenem,
365 5035 479 5091 vestro
497 5019 725 5110 cognomine,
752 5019 900 5099 clarum,
938 5088 952 5105 ,
1034 5018 1083 5093 Et
1098 5022 1193 5112 pacis
1207 5021 1334 5092 studiis
1347 5023 1495 5113 florere,
1521 5049 1562 5094 ac
1576 5027 1713 5097 artibus
1729 5029 1835 5097 urbes

95 5141 129 5200 ta
145 5129 239 5198 sama
253 5141 333 5198 tuae
349 5121 491 5194 virtutis
507 5122 621 5212 cogit,
647 5122 808 5192 utillum
1085 5123 1246 5213 Contigit
1261 5123 1436 5215 auspicio,
1462 5123 1544 5197 Dux
1558 5125 1757 5215 Friderice‚
1783 5142 1856 5203 tuo.
1905 5167 1910 5179 v

94 5230 225 5314 sellem,
249 5242 371 5298 contra
388 5251 444 5295 me
459 5226 618 5314 ignotum
634 5238 778 5310 tractat,
805 5219 983 5318 habetque
1004 5233 1010 5396 q·
1033 5225 1170 5299 Fovisti
1185 5241 1317 5319 spretas
1334 5220 1399 5295 hac
1414 5240 1618 5320 tempestate
1631 5228 1838 5316 Camaenas,

94 5347 167 5419 ter,
193 5344 228 5401 et
244 5353 381 5400 mecum
397 5349 577 5398 sermones
595 5327 758 5412 miscuit,
785 5340 906 5420 estque
1086 5329 1221 5402 Unicus
1239 5342 1274 5399 et
1289 5330 1416 5398 studiis
1432 5332 1586 5421 praemia
1605 5333 1710 5422 digna
1728 5330 1848 5406 dabas.

1271 5494 1272 5498 ,
1325 5428 1406 5502 db*
