4546 5760
56 158 111 237 re
228 153 687 246 nrtsronanotu,
728 110 1104 231 ruotctonutu
1139 134 1651 231 rasomonorum
1699 157 1807 232 nin.
1833 157 1935 237 xtv.
2047 157 2101 233 ⁷4

54 350 141 398 rum
156 326 314 397 iucunde
328 321 422 395 mibi
437 351 517 397 cum
531 324 656 397 multis
670 322 783 394 doctis
797 321 885 390 viris
898 317 1054 389 familia·
1109 331 1179 388 tam
1195 312 1232 409 ⁰)
1245 319 1432 389 maximam
1443 316 1479 418 ⁷)
1495 324 1614 394 animo
1631 325 1815 417 concipere
1830 350 1983 417 possum,
1998 326 2107 420 quod,

56 431 147 500 ritas
164 427 330 518 contigit,
360 442 395 499 ct
408 428 519 497 multa
534 430 580 497 de
592 427 773 519 republica
790 423 909 503 audio,
936 435 1053 492 tamen
1109 421 1248 490 venia'm
1266 424 1379 492 errori
1396 448 1474 492 meo
1489 426 1568 509 das,
1595 452 1722 521 meque
1746 428 1785 495 in
1807 429 1994 520 pristinam
2015 451 2097 518 gra·

56 527 130 602 boc
154 531 302 601 insuave
327 545 399 614 est,
425 533 523 622 quod
543 542 652 604 ettuo
668 540 858 617 conspectu
874 547 995 605 careo,
1022 536 1056 593 et
1108 522 1194 591 tiam
1215 525 1362 615 recipis,
1395 549 1435 594 ac
1458 526 1612 596 vicissim
1638 530 1704 597 tibi
1729 528 1833 599 fidem
1858 531 1924 615 do,
1957 554 2013 599 me
2032 553 2096 620 per

57 633 180 704 raro-a
195 645 232 704 te
249 631 369 702 literas
386 632 514 722 accepi.
568 630 726 702 Tantum
742 627 836 698 euim
853 650 962 696 unam
979 625 1056 716 epi·
1108 647 1249 692 omnem
1268 627 1375 696 vitam
1392 627 1598 698 effecturum
1623 654 1715 711 esse,
1742 647 1783 703 ut
1807 632 1982 723 intelligas
2003 627 2098 700 nihil

57 735 192 808 stolum
219 735 284 805 abs
302 749 339 806 te
357 733 476 825 accepi
492 757 605 826 pos..,.
626 756 679 801 arn
695 757 736 802 ex
752 729 863 821 patria
879 728 1055 820 profectus
1109 749 1164 793 me
1177 728 1276 817 prius
1291 741 1353 799 aut
1368 729 1550 822 antiquius
1565 745 1626 802 tua
1642 720 1888 805 benevolentia
1902 730 1939 829 ⁸)
1954 735 2095 808 ducere.

57 860 153 911 sum.
207 832 310 906 Meas
324 836 430 906 etiam
451 859 576 926 parum
593 834 745 904 fideliter
767 831 870 903 reddi
893 831 1056 899 animad-
1109 822 1431 900 Inhumanissimus
1451 828 1603 927 enim⁰)
1633 860 1743 905 essem
1774 830 2022 929 omnium¹⁰),
2066 836 2097 904 si

59 951 175 1012 vena.
229 935 320 1007 Nam
345 952 381 1008 et
402 935 624 1026 Tubingensi
648 936 781 1006 nuncio
806 948 842 1004 et
867 931 1054 1001 mercatori
1109 929 1213 998 talem
1240 946 1420 1021 parentem
1448 957 1523 1002 non
1546 939 1645 1005 omni
1675 962 1759 1007 cura
1788 934 1878 1005 mibi
1906 938 2097 1007 colendum

58 1039 227 1133 Spirensi
244 1041 328 1109 dedi
347 1038 532 1109 fasciculos
547 1039 750 1120 literarum,
776 1058 866 1128 quos
891 1059 934 1104 an
958 1057 1055 1102 acce·
1108 1054 1182 1099 esse
1205 1035 1459 1120 existimarem,
1493 1038 1555 1129 qui
1580 1052 1719 1129 praeter
1739 1041 1944 1110 communia
1969 1063 2099 1129 paren.-

58 1141 158 1235 peris
176 1140 281 1211 valde
293 1143 431 1213 dubito.
483 1140 588 1212 Nunc
602 1140 671 1209 alia
688 1140 825 1210 ratione
844 1132 936 1206 mihi
951 1148 1054 1205 uten-
1108 1146 1183 1203 tum
1211 1136 1378 1206 beneficia
1398 1133 1450 1228 ¹¹)
1476 1136 1687 1236 insuper¹²)
1719 1166 1776 1210 me
1811 1141 1973 1210 maximis
2007 1141 2099 1209 vitae

59 1246 148 1314 dum
166 1266 306 1318 censeo.
354 1241 610 1333 Norimbergac
626 1255 678 1313 est
692 1242 749 1310 vir
763 1242 888 1310 doctiss
912 1238 1055 1307 concio·
1109 1237 1293 1325 praesidiis
1308 1253 1405 1309 curat
1423 1240 1553 1309 instrui
1569 1237 1616 1338 ¹³)
1638 1259 1743 1337 atque
1756 1245 1891 1317 ornari.
1943 1240 2022 1312 Hoc
2045 1255 2098 1312 est

58 1354 170 1416 n'ator
189 1339 304 1414 Vitas
320 1337 562 1425 Theodorus,
593 1344 656 1438 qui
672 1357 708 1414 et
722 1366 786 1435 per
799 1337 998 1411 Brentium
1019 1353 1055 1410 et
1109 1338 1162 1406 bis
1181 1340 1288 1408 vitam
1308 1339 1465 1434 dare¹⁴).
1515 1339 1742 1417 Cumautem
1766 1359 1826 1415 tna
1851 1359 1978 1415 natura
2003 1340 2099 1414 nihil

57 1471 128 1539 per
160 1438 363 1540 Georgium
397 1441 641 1531 Bretianom,
691 1446 845 1514 amicum
879 1457 1054 1521 nostrum,
1107 1440 1153 1509 sit
1178 1435 1389 1528 humanius,
1413 1467 1533 1535 spero,
1568 1467 1624 1515 me
1649 1471 1723 1517 non
1749 1448 1853 1540 plane
1879 1449 2032 1518 ferreum
2050 1443 2100 1536 ¹⁵)

58 1571 161 1618 meas
174 1548 296 1621 literas
310 1549 377 1619 tibi
393 1548 544 1638 singulis
566 1546 748 1618 mensibus
769 1546 908 1616 mittere
928 1556 1054 1635 potest.
1107 1541 1199 1625 csse,
1225 1567 1305 1612 cum
1321 1547 1490 1631 arbitrer,
1515 1545 1670 1639 aliquam
1691 1566 1770 1623 tuae
1792 1543 2022 1621 humanitatis
2046 1550 2097 1617 si.-

60 1648 118 1722 Te
134 1674 280 1745 quoque
296 1673 381 1734 oro,
404 1664 445 1722 ut
459 1675 522 1743 per
537 1645 602 1720 hos
618 1648 888 1735 Norimbergam
907 1660 986 1719 tuas
1009 1645 1054 1712 li·
1107 1643 1347 1715 militudinem
1376 1647 1415 1716 in
1437 1671 1493 1716 rne
1517 1666 1744 1740 propagatam
1767 1672 1860 1736 csse,
1886 1674 1992 1746 quam
2017 1652 2099 1742 qui·

60 1766 155 1824 teras
168 1754 309 1824 mittere
325 1753 424 1827 velis.
475 1749 594 1824 Erunt
613 1747 704 1821 mihi
725 1751 846 1820 omnia
859 1748 975 1820 studia
998 1747 1054 1816 iu-
1106 1746 1186 1812 dem
1205 1770 1267 1834 ego
1284 1751 1444 1819 doctrina
1462 1762 1498 1819 et
1522 1750 1635 1820 literis
1659 1748 1817 1825 excitabo
1842 1757 1884 1823 ad
1909 1752 2099 1844 gratitudi-

61 1853 259 1940 cundiora,
282 1853 324 1951 pi·
337 1856 477 1946 saepius
498 1877 665 1945 accepero
682 1867 761 1925 tuas
777 1853 912 1922 literas.
961 1847 1055 1920 Cum
1105 1871 1186 1915 nem
1203 1842 1252 1942 ιθ)
1266 1863 1300 1917 et
1319 1852 1483 1942 pietatem
1498 1864 1534 1921 et
1549 1868 1683 1925 caetera
1701 1856 1843 1926 virtutis
1859 1856 1974 1926 officia
1990 1851 2011 1882 ¹⁷
2020 1852 2055 1943 ).1

60 1969 185 2029 sutem
207 1954 247 2024 in
268 1949 335 2027 hac
362 1952 557 2026 Academia‘
574 1957 714 2026 videam
739 1950 829 2023 mibi
849 1951 1053 2025 facultatem
1204 1947 1409 2023 Adventum
1425 1967 1528 2024 tuum
1550 1957 1654 2028 avide
1677 1974 1838 2047 expecto,
1862 1960 1909 2028 de
1931 1981 2002 2051 quo
2026 1969 2098 2026 sta-

61 2058 223 2129 oblatam
240 2080 334 2145 esse,
359 2059 489 2128 ordine
504 2059 668 2129 omnium
684 2056 956 2148 disciplinarum
969 2054 1053 2123 son·
1105 2063 1182 2119 tues
1199 2076 1263 2142 pro
1282 2067 1343 2127 tuo
1364 2055 1512 2130 iudicio.
1561 2055 1640 2130 Scis
1666 2062 1762 2130 enim
1787 2073 1961 2156 quantum
1985 2056 2098 2129 undi-

62 2173 115 2230 tes
134 2159 315 2242 discendi,
348 2161 511 2240 annitar,
543 2176 584 2232 ut
613 2184 687 2230 non
709 2173 848 2230 tantum
871 2156 1054 2227 doctrinae
1105 2177 1174 2247 que
1189 2155 1235 2223 sit
1252 2160 1513 2247 speculatorum
1528 2152 1586 2254 ¹⁸).

61 2263 229 2331 umbram
246 2254 337 2329 mibi
363 2262 596 2342 circumdem,
623 2264 683 2332 sed
712 2263 856 2330 iuvante
871 2257 948 2329 Deo
969 2259 1053 2326 iun-

60 2365 228 2433 damenta
244 2364 404 2432 omnium
422 2359 650 2438 honestarum
661 2364 789 2433 artium
806 2363 849 2431 ad
866 2360 1053 2431 coelestem
1104 2375 2101 2414 -··-·--·--·-----ι-----

61 2464 264 2534 doctrinam
281 2465 459 2538 adiiciam.
511 2464 648 2535 Interea
667 2478 701 2534 te
718 2489 802 2547 oro,
828 2458 973 2532 chariss.
990 2484 1054 2552 pa·

61 2580 134 2650 ter,
166 2578 207 2636 ut
232 2564 348 2636 Deum
381 2581 564 2638 aeternum
600 2579 733 2658 patrem
769 2565 905 2634 domini
940 2562 1053 2633 nostri

61 2664 90 2735 l.
111 2663 153 2738 C.
176 2668 348 2757 preceris,
375 2683 415 2738 ut
436 2693 502 2738 nos
525 2691 647 2737 omues
664 2669 855 2758 gubernet,
881 2679 915 2735 et
929 2662 1054 2735 Eccle-

1952 2634 2093 2662 Μ

1104 2524 1302 2654 Q.

1530 2700 1669 2827 nnn
1762 2768 1769 2779 .

1172 2872 1196 2942 'l'
1213 2870 1251 2924 Ee
1262 2891 1360 2945 apogr.
1374 2873 1404 2927 in
1420 2874 1483 2931 cod.
1499 2874 1586 2931 Paris.
1604 2877 1642 2930 D.
1658 2875 1690 2932 L.
1700 2877 1763 2935 ⁵⁴⁸.
1781 2906 1816 2920 -
1846 2879 1909 2933 Non
1920 2898 1971 2934 suo
1983 2880 2098 2936 nomine

1205 2943 1365 2997 Meleatbon
1380 2944 1453 3027 benc
1465 2944 1611 3017 epistolem
1627 2947 1720 3008 dedit.
1739 2948 1786 3003 sed
1801 2948 1936 3020 discipulo
1951 2948 2032 3006 alicui
2045 2967 2098 3005 stto

1207 3028 1266 3064 eam
1281 3022 1462 3083 praescripsit.

59 2769 149 2840 siam
164 2792 262 2838 suam
280 2769 457 2840 defendat.
508 2764 586 2860 Ego
602 2794 745 2862 quoque
764 2769 915 2838 assiduis
941 2767 1054 2858 preci-

59 2871 130 2941 bus
152 2884 188 2941 tc
208 2883 240 2938 et
268 2866 462 2940 Ecclesiam
484 2885 642 2943 nostram
665 2872 895 2942 domesticam
919 2883 953 2940 et
968 2869 1052 2938 uni-

11 3063 14 3068 .
59 2995 200 3042 versam
217 2969 294 3042 Deo
311 2976 535 3046 commendo.

1441 3161 1607 3243 Caldam
1632 3173 1763 3249 amico.

70 3311 142 3384 No.
159 3311 275 3386 7066.

929 3349 979 3367 -
1003 3350 1055 3369 -
1104 3302 1153 3390 S.
1206 3314 1284 3389 Etsi
1302 3334 1448 3412 propter
1464 3338 1623 3395 nostram
1639 3324 1937 3396 necessitudinem
1955 3339 1989 3395 et
2002 3327 2094 3395 ami-

61 3408 276 3451 W

919 3411 1049 3441 ψ’
1103 3421 1240 3506 citiam,
1273 3446 1354 3491 cum
1381 3426 1586 3515 praesertim
1609 3430 1653 3496 ad
1678 3440 1713 3497 te
1737 3429 1781 3496 de
1805 3428 1952 3497 interitu
1984 3430 2095 3519 patris

1104 3524 1176 3603 tui,
1203 3523 1330 3614 optimi
1348 3524 1439 3608 viri,
1466 3527 1675 3615 scriberem,
1702 3529 1874 3600 debebam
1893 3529 2093 3599 orationem

483 3485 670 3596 nov„

127 3659 501 3733 nespogeapttetneot.
517 3660 677 3720 Metuttt.
690 3661 792 3784 ,Μ’
815 3630 879 3718 4⁰3·
896 3658 1054 3719 oosttot.
1103 3623 1306 3705 instituere,
1332 3649 1423 3719 quae
1445 3629 1488 3698 ad
1513 3628 1702 3700 levandum
1724 3644 1826 3703 tuum
1851 3632 2012 3702 dolorem
2037 3632 2092 3700 vi-

163 3750 192 3813 p.
206 3731 249 3788 99.
271 3739 299 3784 et
317 3730 516 3847 eodpMonsc.
534 3735 577 3788 90.
595 3750 641 3791 na·
652 3733 689 3786 vt

163 3819 193 3855 os
204 3799 302 3858 cotta
729 3751 756 3805 t·
768 3730 857 3790 4014·
891 3731 1054 3815 lacessitor
1104 3730 1247 3798 deretur
1263 3729 1465 3819 protutura:
1488 3741 1608 3800 tamen
1624 3732 1672 3803 ita
1687 3745 1762 3803 crat
1776 3734 1916 3803 animus
1930 3733 2094 3804 societate

1102 3828 1217 3900 luctus
1233 3845 1267 3901 et
1282 3831 1417 3900 doloris
1433 3832 1644 3924 impeditus,
1669 3848 1710 3906 ut
1726 3838 1770 3903 ad
1787 3849 1821 3907 te
1836 3836 2092 3906 consolandum

83 3950 184 4048 „Ad
199 3949 367 4040 Parnm,
403 3950 588 4051 dsscippto
618 3954 765 4030 cuidam
793 3957 1024 4058 prm-,crim
1102 3956 1176 4001 non
1201 3932 1286 4004 satis
1304 3933 1456 4003 idoneus
1476 3957 1599 4011 essem.
1649 3935 1824 4040 Magnum
1848 3938 1944 4007 enim
1959 3938 2092 4008 vulnus

427 4086 452 4130 n
471 4053 537 4133 Ph.
554 4056 675 4135 Mel?

57 4182 172 4268 Nihil
194 4218 353 4292 unquam
378 4190 466 4264 mibi
490 4194 651 4266 acerbius
672 4192 738 4263 ista
755 4188 790 4287 ²)
811 4191 864 4263 tui
878 4188 919 4288 ⁸)
939 4189 1050 4260 animi
1137 4219 1172 4278 6)
1189 4222 1288 4288 quam]
1306 4215 1370 4272 cot.
1386 4215 1500 4278 Mense,

56 4298 257 4369 offensione
285 4297 425 4369 accidit.
486 4293 610 4388 ltaque
637 4289 744 4390 me³)
767 4295 871 4386 plane
901 4319 942 4364 ex
973 4294 1048 4384 ipso
1133 4305 1166 4370 7)
1185 4306 1329 4373 maxime]
1347 4304 1594 4363 cuneorum.

55 4424 141 4471 orco
159 4414 364 4472 revocatum
380 4401 419 4469 in
433 4398 541 4466 vitam
557 4411 657 4488 putes
674 4392 713 4488 ⁴)
730 4411 916 4490 postquam
936 4395 1048 4464 literis

55 4502 299 4572 amantissime
320 4505 364 4572 ad
390 4526 445 4569 me
469 4498 608 4589 scriptis
625 4497 661 4596 ⁸)
687 4501 864 4583 ostendis,
903 4513 936 4569 te
958 4493 1047 4566 mihi

54 4603 235 4696 placatum
250 4627 335 4679 csse.
386 4600 512 4672 Habeo
529 4602 638 4692 igitur
655 4603 720 4674 tibi
737 4601 907 4693 gratiam,
933 4624 1047 4696 quan-

85 4903 118 4966 1)
135 4901 207 4965 ista]
224 4898 286 4958 eod.
298 4900 394 4959 Mebn.
406 4919 463 4957 non
477 4901 567 4958 babet.

85 4987 127 5056 2),
137 4987 192 5051 tta]
209 4985 274 5042 cot.
287 4985 372 5045 Goth.
383 4987 447 5042 401.
460 4997 520 5044 tea.

82 5073 118 5136 8)
136 5068 198 5135 ms‘]
215 5072 280 5128 cod.
291 5072 406 5132 Monac.
419 5090 476 5127 nan
489 5070 578 5132 babet.

83 5161 119 5224 4)
131 5163 220 5225 pato]
238 5159 305 5217 cod.
318 5160 405 5217 Goth.
417 5159 480 5214 401.

81 5242 202 5382 Qualiter
210 5255 325 5302 amant.
343 5276 379 5304 -.-
401 5245 530 5317 emptas]
569 5245 633 5307 eod.
653 5243 737 5304 Gotls.
754 5245 815 5304 401.
845 5251 1045 5306 αωσηιὺεόηε

1133 4391 1164 4453 8)
1183 4391 1296 4458 denen]
1311 4390 1491 4444 humanitate
1510 4391 1573 4450 cad.
1587 4390 1705 4452 Menae.

1132 4474 1163 4544 9)
1182 4476 1274 4542 enirn]
1290 4473 1354 4528 cod.
1370 4474 1484 4534 Monac.
1497 4484 1524 4530 et
1537 4479 1601 4533 cod.
1613 4477 1709 4535 Melan.
1725 4495 1782 4532 nou
1794 4476 1905 4532 babent.

1133 4563 1181 4626 10)
1200 4560 1270 4616 cod.
1283 4561 1377 4620 Mebn,
1390 4560 1481 4614 addite
1498 4563 1547 4630 qui
1557 4565 1661 4617 vivunt.

1132 4650 1182 4712 11)
1198 4646 1306 4716 denes]
1324 4647 1417 4716 officia
1435 4646 1499 4701 cod.
1512 4645 1623 4705 Monac,

1133 4735 1181 4798 12)
1200 4736 1331 4800 absuper]
1347 4731 1411 4788 cod.
1425 4730 1512 4787 Goth.
1525 4735 1589 4788 401.
1601 4742 1629 4787 et
1640 4731 1702 4788 cod.
1716 4731 1788 4789 Mass
1798 4733 1909 4794 liabent.
1999 4727 2002 4731 ’

1131 4821 1182 4887 tt)
1198 4823 1319 4890 instrui]
1338 4820 1400 4875 cod.
1414 4819 1511 4877 Melta.
1523 4819 1643 4875 s'erstitui.

1131 4908 1181 4972 14)
1198 4906 1258 4960 Hoc
1272 4915 1363 4960 est-
1376 4907 1466 4970 dore]
1480 4903 1545 4966 eod.
1562 4903 1648 4961 Gotls.
1661 4904 1724 4960 tot.
1736 4921 1795 4959 non
1808 4903 1899 4961 babet.

1132 4991 1179 5054 15)
1189 4984 1336 5060 jerreum]
1361 4988 1463 5045 babent
1485 4989 1595 5061 quidem
1619 4991 1701 5048 codd.
1736 4989 1791 5048 sed
1810 4989 1937 5063 suspicor
1952 4988 2087 5062 scripturn

1163 5058 1247 5113 fuisse
1257 5060 1389 5129 satutare.

1129 5146 1178 5215 16)
1194 5148 1416 5212 gratitudinem]
1433 5145 1591 5200 orationem
1609 5145 1844 5202 cod.Gotls.401.

1132 5233 1179 5298 17)
1197 5233 1311 5305 Reliqua
1324 5232 1353 5286 in
1367 5232 1430 5288 cod.
1445 5232 1561 5289 Monac.
1575 5249 1632 5287 non
1648 5233 1785 5302 leguntur.

1128 5321 1177 5387 18)
1194 5320 1418 5391 speculatorum]
1436 5318 1500 5376 aad.
1516 5318 1609 5382 Getis.
1624 5319 1684 5379 401.
1696 5320 1857 5374 danmatio
1870 5319 2015 5381 omarum.
