4552 5766
109 180 183 257 εις
474 153 739 239 SCRIPTA'
759 154 837 231 An
869 152 1065 228 vt'raM
1094 152 1170 231 ET
1189 154 1431 233 'OBITUM
1459 152 1778 237 MELANTH..
2070 152 2149 241 dli

113 367 153 423 ut
181 361 306 417 notum
328 344 400 425 est',
420 336 493 407 iarn
515 330 680 404 s-multis
695 327 799 398 annis
810 326 994 403 laborarit.
1042 324 1128 435 lta·
1255 326 1511 422 Occupsbstur
1527 345 1604 403 tum
1617 332 1667 407 D.
1676 328 1868 425 Philippus
1881 328 2083 403 arthenai:
2099 326 2149 399 tt..

118 454 227 543 igitur
242 450 389 516 domum
403 458 583 519 reversus,
605 446 646 503 ut
660 431 837 514 diximus,
858 431 974 500 biduo
996 430 1103 501 etiam
1151 432 1257 517 teris,
1292 447 1327 504 et
1348 427 1503 505 babebat
1525 436 1594 505 sub
1624 436 1791 505 menibus
1825 432 2013 525 epistolem

116 552 281 627 tenuiore
304 568 378 615 esse
393 538 598 611 valetudine
614 535 711 603 visus
731 548 783 604 est
806 556 848 601 ex
867 531 956 601 iacie
980 534 1105 623 magis,
1152 536 1308 605 mitteret
1330 535 1375 603 ad
1397 534 1552 606 amicum
1566 538 1744 631 quendam
1762 536 1801 605 in
1814 532 1953 607 laittore
1964 532 2047 605 let
2077 532 2147 613 ieo,

118 678 205 725 vore
229 664 263 721 et
284 647 439 739 gestibus
461 663 567 736 quam
592 634 767 731 quaerelis
796 648 856 703 aut
886 632 1106 704 indicatione
1155 636 1213 706 cui
1227 637 1272 705 de
1286 636 1529 705 imbecillitate
1543 662 1606 707 sus
1626 637 1864 727 significabat,
1888 636 2069 707 scribebat
2082 658 2151 707 su.

119 758 238 849 aliqua
252 776 326 821 sua.
376 746 446 817 Sed
466 755 570 811 noete
584 762 624 807 ea
640 761 728 831 quae
746 728 989 825 Vlll.Aprilis
1004 759 1108 828 prae·
1156 751 1225 807 tem
1243 760 1282 807 se
1297 752 1376 828 post
1392 738 1461 808 iter
1473 736 1776 829 Heidelbergense
1795 762 1872 807 non
1895 736 2048 810 sensisse
2072 758 2152 807 ma.

121 860 284 937 cedebat,
316 874 406 942 quae
427 859 480 915 est
501 840 563 914 Vl.
587 838 641 912 ld.
669 861 854 927 erumpere
878 837 950 905 iam
973 838 1108 907 malum
1156 838 1465 931 iorem,interque
1479 840 1549 909 alis
1564 836 1632 913 hoc
1650 840 1756 911 etiam
1771 841 1818 909 de
1832 854 1947 911 morte
1961 862 2025 911 sus
2041 858 2151 931 prse-

122 961 212 1031 illud
240 952 453 1042 incipiebat,
485 943 581 1037 quod
606 966 687 1011 eum
710 939 872 1011 cesulecit.
926 937 992 1009 llla
1014 939 1108 1006 enim
1157 940 1292 1029 sagium
1305 941 1479 1024 addebat,
1528 938 1702 1021 Fortassis
1720 942 1834 1013 Deum
1853 942 2042 1033 seeripere
2056 939 2155 1009 vello

123 1066 234 1132 ferme
251 1070 324 1127 tota
340 1072 505 1122 somnum
523 1066 645 1135 capere
660 1065 736 1110 nou
755 1040 889 1131 putuit,
915 1065 987 1133 quo
1004 1039 1110 1109 debi·
1159 1066 1200 1111 ex
1215 1042 1352 1135 synodo
1368 1039 1527 1133 hygeden
1542 1066 1649 1135 qum
1665 1041 1826 1123 flaciani
1842 1042 2078 1125 moliremur,
2088 1042 2153 1111 ml

125 1166 259 1233 litatem
276 1174 457 1246 augescere
471 1169 611 1217 neeesse
626 1144 713 1227 luit,
738 1166 818 1211 cum
835 1140 873 1209 in
891 1141 953 1210 illa
971 1154 1110 1211 senecta
1160 1142 1291 1213 vinum
1324 1142 1605 1215 imbecillitatem
1637 1144 1782 1235 scriptio
1806 1168 1870 1235 per
1893 1166 1931 1215 se
1957 1142 2154 1229 indicabit,-

127 1284 256 1353 corpus
278 1273 385 1328 tenue
408 1267 444 1323 et
467 1244 674 1319 exhaustum
700 1244 799 1313 nulla
824 1266 863 1311 re
880 1244 989 1345 magis
1005 1266 1112 1337 quam
1161 1268 1242 1314 cum
1259 1257 1397 1313 exarata
1417 1260 1506 1313 esset
1520 1242 1812 1337 Epistola-literis
1826 1246 2023 1317 admodum
2034 1243 2152 1315 vacil-

130 1388 255 1437 somno
269 1360 317 1429 ali
330 1373 436 1447 atque
449 1348 637 1420 sustentari
654 1345 1014 1429 animadverteretur,
1040 1368 1113 1437 qno
1162 1344 1329 1417 lantibus.
1369 1340 1419 1417 Ut
1436 1360 1555 1415 autem
1570 1342 1720 1417 antebac
1733 1370 1872 1438 semper
1886 1344 2155 1419 itatmnetim

130 1470 175 1538 ab
193 1465 328 1555 aliquot
353 1460 422 1525 iam
440 1451 543 1522 anuis
558 1448 707 1517 minime
731 1447 900 1536 impedito
917 1446 1014 1515 visus
1034 1446 1115 1519 suit.
1163 1448 1302 1517 medico
1333 1447 1501 1517 utebatur
1533 1470 1664 1537 genero
1696 1470 1782 1533 suo,
1814 1448 1878 1542 qui
1910 1448 2010 1543 quod
2035 1460 2073 1519 et
2098 1448 2155 1517 do

130 1568 269 1639 Malum
284 1562 392 1651 igitur
404 1571 481 1627 turn
502 1567 542 1623 ut
557 1550 709 1621 diximus
723 1570 907 1638 erumpere
930 1560 966 1617 et
987 1547 1115 1616 debili·
1164 1547 1279 1639 ipsius
1308 1549 1442 1636 aegroti
1477 1548 1714 1634 indicatione,
1746 1562 1784 1619 et
1811 1573 1853 1619 ex
1883 1550 1992 1621 urin,
2013 1544 2157 1621 calculi

131 1686 183 1737 tas
208 1687 333 1753 magna
354 1660 501 1729 existere
524 1652 656 1743 caepit,
689 1667 723 1720 et
747 1672 951 1741 quanquam
972 1672 1115 1741 praece·
1166 1651 1270 1721 etiam
1294 1650 1569 1739 commotionem
1597 1651 1705 1721 simul
1738 1650 1814 1720 beri
1848 1650 2157 1737 animadverteret,

133 1769 300 1841 dentibus
325 1762 394 1833 illis
415 1747 618 1831 νοσιλεύειν
641 1753 737 1822 visus
756 1754 889 1834 fuerat,
924 1751 972 1820 ita
996 1764 1116 1819 tamen
1166 1751 1323 1821 sacculos
1337 1750 1367 1819 ei
1383 1753 1428 1821 sd
1443 1753 1618 1838 fomenta,
1640 1751 1826 1825 unctiones
1845 1764 1882 1823 et
1901 1752 2071 1823 balneum
2092 1754 2159 1844 pa'-

134 1869 222 1941 baec
246 1890 328 1937 cerm
350 1858 565 1930 valetudinis
594 1854 704 1946 ipsius
739 1852 923 1923 conversio
958 1850 1120 1920 celeriter
1168 1853 1288 1936 rabat,
1313 1875 1403 1944 quae
1422 1866 1523 1923 antea
1539 1854 1571 1922 ei
1588 1878 1690 1945 saepe
1713 1853 1751 1923 in
1767 1848 1919 1924 Litbiasi
1937 1854 2159 1945 proluerent,¹

135 1970 332 2050 accidebat,
362 1978 403 2034 ut
424 1984 512 2053 pene
535 1958 651 2028 subita
667 1978 740 2023 esse
759 1955 966 2023 viderentur
987 1952 1120 2032 omnia,
1169 1976 1258 2047 quae
1281 1977 1362 2022 cum
1386 1953 1435 2024 ita
1457 1954 1534 2025 lieri
1556 1956 1693 2027 videret
1710 1956 1755 2024 ad
1781 1956 1962 2049 quenmm
1984 1954 2048 2049 qui
2077 1969 2159 2027 tum

136 2073 233 2168 quod
259 2070 318 2138 die
342 2065 573 2157 praecedento
599 2052 692 2126 nibil
712 2056 783 2127 tale
804 2055 916 2125 metui
939 2055 1121 2146 potuisset.
1169 2056 1264 2125 solus
1289 2064 1370 2123 ante
1392 2054 1508 2145 ipsum
1533 2055 1572 2123 in
1593 2057 1696 2127 sedili
1719 2056 1782 2126 1110
1804 2078 1870 2125 ,00
1885 2056 2159 2127 decumbentem

136 2174 288 2247 Flebant
313 2183 431 2237 antem
450 2159 558 2246 baec,
584 2158 633 2231 Ut
655 2159 752 2228 calor
774 2157 965 2227 sentiretur
988 2157 1120 2225 incor-
1169 2157 1324 2238 astabat,
1347 2156 1393 2224 ad
1410 2150 1635 2247 transigitur
1654 2172 1728 2229 turn
1748 2158 1828 2243 ille,
1852 2156 2035 2243 intusest,
2058 2156 2161 2228 dice.

138 2300 225 2369 pore
248 2270 418 2352 alienior,
445 2279 481 2335 et
502 2264 608 2333 tussis
629 2260 792 2330 existeret
813 2260 898 2329 satis
921 2253 1123 2342 vehemens,
1170 2260 1251 2338 bat,
1276 2280 1350 2325 uon
1366 2256 1473 2340 foris,
1493 2258 1578 2352 quid
1595 2260 1704 2349 igitur
1722 2258 1924 2347 proicietur
1936 2256 2087 2329 sacculi,
2112 2258 2161 2329 tt.

140 2374 324 2469 respiratio
339 2370 444 2441 etiarn
460 2367 579 2435 minus
595 2376 685 2431 esset
699 2360 877 2450 expedita,
904 2373 939 2430 et
956 2360 1122 2449 palleret
1172 2361 1217 2428 lis
1239 2372 1274 2427 et
1292 2358 1540 2443 unctionibus,
1572 2382 1725 2453 cumque
1745 2360 1836 2429 alter
1857 2360 2089 2451 responderet
2111 2360 2161 2431 sd

142 2480 267 2549 macies
293 2476 332 2544 iu
353 2470 443 2541 lucie
465 2478 711 2556 augescerent,
735 2478 769 2531 et
793 2477 901 2531 utres
919 2476 1038 2549 postea
1055 2462 1121 2529 do·
1173 2460 1346 2529 calculum
1365 2458 1425 2528 illa
1441 2460 1564 2549 dirigi,
1589 2462 1698 2531 cuius'
1706 2462 1853 2531 sentiret
1872 2476 1992 2531 motus
2003 2460 2160 2555 aliquos,

141 2582 215 2651 cuit
229 2578 338 2648 febris
354 2571 420 2643 bae
435 2585 539 2641 noete
554 2592 635 2637 eum
657 2564 811 2654 primum
828 2563 996 2631 invadere
1010 2560 1125 2653 caepit
1174 2575 1248 2632 turn
1265 2560 1327 2628 ille
1342 2584 1481 2645 rursus,
1500 2586 1625 2632 verum
1640 2576 1691 2633 est
1711 2562 1829 2656 inquit
1844 2564 1958 2644 sentio
1972 2562 2166 2649 caleulum,

142 2685 226 2765 illa,
259 2678 360 2747 cuius
393 2678 622 2763 paroxysmus
646 2664 814 2756 septimus
844 2664 1035 2732 undecimo
1066 2662 1125 2731 die
1174 2665 1235 2733 sed
1250 2676 1335 2753 pute
1352 2658 1420 2733 boc
1437 2663 1568 2733 malum
1583 2666 1695 2754 magis
1718 2686 1792 2733 esse
1813 2688 1834 2733 a
1855 2664 1982 2755 pituita
2002 2662 2061 2757 (in
2087 2690 2163 2759 quo

144 2798 324 2875 postcom
350 2773 506 2845 sustulit.
555 2768 598 2839 ln
624 2766 750 2859 primis
772 2780 889 2835 tamen
908 2764 1040 2833 virium
1056 2764 1125 2832 im·
1175 2766 1385 2847 lallcbatur,
1411 2766 1558 2836 utinlra
1576 2762 1817 2859 agnoscetur),
1843 2790 1928 2835 nom
1944 2761 2163 2839 mihiletiam

23 2960 25 2965 ,
143 2883 317 2957 berillitas
347 2900 472 2965 magna
502 2871 689 2950 existebat,
717 2892 808 2960 quae
837 2881 934 2937 tanta
964 2882 1056 2951 erat,
1086 2880 1125 2935 ut
1176 2860 1348 2957 ἀνορεξία
1372 2866 1518 2937 molesta
1543 2882 1613 2948 est,
1654 2890 1760 2961 quam
1782 2867 1849 2937 et'si
1871 2880 1906 2936 et
1931 2866 2047 2959 ipsam
2069 2868 2164 2943 solet

143 3010 223 3057 cum
239 2981 417 3051 remittere
431 2980 475 3045 de
493 2972 677 3043 laboribus
693 2971 764 3039 suis
782 2964 875 3037 nihil
890 2969 1014 3053 vellet,
1039 2994 1125 3037 corr·
1176 2969 1332 3037 calculus
1353 2990 1470 3037 secum
1494 2968 1639 3049 afferre,
1672 2970 1785 3039 sentio
1811 2982 1933 3039 mmen
1961 2962 2053 3039 banc
2086 2990 2165 3041 esse

144 3091 282 3158 tinuace
304 3097 422 3153 tamen
450 3075 663 3166 scriptiones
682 3096 763 3140 suas
787 3094 861 3139 non
897 3082 1031 3160 posset,
1064 3071 1125 3137 secl
1176 3070 1304 3153 aliam,
1329 3090 1437 3161 quarn
1451 3070 1750 3162 qualisacalculu
1766 3094 1839 3141 esse
1855 3070 1960 3145 solet.

145 3186 417 3279 interquiescere
444 3179 596 3247 subinde
622 3196 763 3243 necesse
786 3168 950 3252 haberet,
983 3185 1022 3241 ut
1052 3195 1126 3240 uno

145 3304 207 3361 aut
223 3290 334 3357 altero
348 3304 453 3352 versu
471 3292 610 3349 exarato
626 3290 745 3367 postea
762 3275 800 3343 in
816 3274 920 3341 sedili
940 3273 1049 3361 longo
1063 3274 1128 3342 de·
1278 3270 1441 3366 Cumque
1457 3273 1712 3367 aliquantisper
1723 3272 1951 3343 conticuisset
1964 3284 2086 3363 postea
2100 3273 2169 3345 sd-

146 3392 328 3462 eumberet
349 3386 523 3454 substrata
548 3379 617 3448 sub
640 3377 755 3465 capite
776 3389 870 3445 veste
890 3396 952 3444 sua
975 3375 1127 3465 pellibus
1177 3376 1284 3447 debat
1306 3372 1413 3445 huius
1435 3376 1609 3445 sententia
1630 3377 1755 3445 verba:
1802 3375 1841 3447 Si
1860 3371 1958 3445 Deus
1972 3374 2168 3447 iteroloe.

147 3494 329 3563 subducta.
387 3484 482 3553 llaec
504 3506 584 3550 carm
602 3479 650 3549 ita
674 3478 816 3562 fierent,
850 3476 995 3547 accersit
1021 3478 1127 3547 adse
1178 3479 1243 3561 rit,
1268 3478 1422 3547 libenter
1434 3477 1588 3562 moriar,
1613 3502 1716 3569 quem
1734 3500 1799 3547 oro
1817 3492 1856 3547 ut
1877 3475 2051 3565 largiatur
2072 3470 2167 3547 mihi

147 3617 254 3685 gerres
268 3584 567 3678 PlsilippiDoctor
575 3574 752 3650 Procerus
768 3578 1004 3649 necessarium
1013 3604 1127 3671 quen·
1178 3582 1306 3649 laetam
1331 3578 1593 3663 decessionem,
1617 3578 1747 3670 quibus
1767 3580 1810 3648 ad
1836 3576 2017 3649 Simeonis
2037 3574 2168 3651 Canti-

147 3701 229 3767 dam
246 3716 350 3763 suum
368 3686 454 3757 liora
471 3684 644 3762 matutina
659 3694 772 3766 sexta,
787 3695 825 3750 ut
843 3683 978 3749 videret
992 3694 1026 3749 et
1041 3703 1128 3748 con-
1179 3706 1258 3750 cum
1273 3678 1592 3765 allusissevidetur,
1606 3681 1735 3751 diserte
1750 3694 1869 3751 manen
1883 3679 2044 3751 laetiense
2054 3682 2168 3753 verbo

148 3800 318 3867 sideraret
335 3788 611 3859 imbecillitatem
629 3782 760 3865 soceri,
780 3795 813 3851 et
828 3780 937 3849 simul
957 3781 1001 3850 de
1016 3781 1127 3849 animi
1179 3783 1363 3866 utebatur,
1397 3796 1433 3851 et
1455 3780 1584 3851 laetam
1607 3783 1853 3872 raigrationem
1877 3784 2043 3875 optabat,
2072 3782 2169 3856 siem

147 3900 203 3972 sui
221 3891 486 3990 perturbatione
509 3900 544 3958 et
562 3882 801 3956 solicitudinis
826 3904 931 3951 sensu
953 3882 1130 3971 significa·
1179 3897 1214 3954 et
1246 3907 1352 3975 supra
1384 3884 1582 3973 expositum
1609 3879 1789 3955 distichon
1820 3882 1929 3975 ipsius
1959 3884 2095 3955 laetum
2120 3886 2170 3957 ..t-

148 4005 227 4083 bat,
252 3998 444 4091 quodcum
464 3986 712 4080 inpraesentia
731 3978 957 4055 adbucnihil
981 4008 1129 4076 appare·
1179 4000 1331 4055 niortem
1356 3984 1515 4055 animum
1538 4000 1627 4059 orat.
1682 3983 1774 4055 Cum
1807 3998 1888 4077 post
1919 4009 1986 4077 per
2016 3986 2168 4081 script„

146 4113 202 4177 ret
219 4098 366 4169 maioris
385 4093 554 4187 periculi,
580 4112 766 4182 nunquam
786 4100 904 4157 tamen
929 4108 965 4155 se
989 4088 1029 4155 in
1052 4086 1127 4157 ullo
1178 4084 1358 4178 Epistulas
1384 4088 1433 4157 ita
1453 4087 1677 4157 decubuisset
1697 4088 1809 4157 lerme
1829 4090 2008 4179 usquead
2038 4082 2165 4159 boam

148 4205 278 4273 morbo
303 4199 415 4269 soceri
437 4195 606 4265 maiorem
629 4188 949 4263 consternationem
980 4189 1129 4258 sensisse
1179 4190 1389 4259 matutinam
1412 4201 1588 4272 octavam,
1610 4191 1655 4257 ad
1678 4194 1769 4259 dnos
1783 4191 1974 4282 quosdam,
1999 4189 2064 4283 qui
2085 4202 2168 4261 ants

148 4308 299 4386 ‘limeis
329 4315 365 4371 11
388 4309 559 4369 melum!
582 4294 723 4377 01111118»
753 4304 794 4361 111
822 4290 940 4359 ‘latim
966 4291 1128 4361 otuinosa
1179 4291 1294 4380 ipsum
1312 4305 1387 4359 tum
1404 4290 1495 4359 sorte
1509 4292 1713 4376 astiterant,
1734 4291 1873 4361 dicebat
1887 4291 2083 4385 abaliqnot
2096 4292 2167 4363 im

146 4408 208 4476 illa
225 4407 446 4484 siderentur,
497 4396 620 4491 ltaque
639 4396 685 4465 de
705 4394 915 4464 accersendo
942 4406 1015 4463 turn
1037 4387 1128 4461 Ioa-
1179 4393 1283 4461 antris
1307 4386 1375 4461 hoc
1399 4406 1556 4481 tempore
1578 4393 1744 4483 languere
1756 4391 1871 4476 soleo,
1893 4394 1955 4461 sed
1979 4387 2048 4463 boc
2070 4416 2167 4467 anno

148 4502 270 4578 adiuro
284 4500 504 4577 Commoris
515 4496 750 4590 cogitabatur,
775 4494 832 4563 cui
856 4518 936 4563 cum
959 4490 1128 4585 Philippo
1178 4494 1322 4562 accessit
1344 4491 1496 4583 Eclipsis
1519 4495 1559 4562 in
1577 4494 1819 4586 aequinoctio,
1852 4506 1887 4565 et
1911 4494 2075 4565 imminet
2101 4494 2167 4569 Ss-

147 4604 383 4681 Melantbone
415 4630 478 4696 per
509 4622 623 4673 annos
647 4596 880 4689 quadraginta
915 4597 1129 4688 etamplius
1179 4597 1277 4665 turni
1304 4610 1339 4665 et
1364 4594 1493 4665 Martis
1520 4595 1744 4679 coniunctio,
1768 4594 2002 4689 quaeiucidit
2020 4592 2166 4669 mihiin

80 4744 85 4751 ·
146 4712 342 4791 amicitiae,
369 4722 403 4777 et
418 4696 908 4777 necessitudinisconiunctio
932 4698 1129 4769 intercessit
1178 4711 1348 4767 octavam.
1400 4694 1518 4767 liuius
1534 4698 1798 4768 coniunctionis
1812 4698 1917 4768 etiam
1934 4700 2166 4793 sequentihus

145 4829 264 4897 tanta,
286 4825 419 4905 quauta
442 4809 535 4877 inter
556 4800 720 4874 homines
738 4823 813 4870 esse
835 4810 968 4889 potest,
991 4802 1036 4871 de
1059 4792 1127 4869 hoc
1177 4800 1294 4868 morbi
1316 4800 1444 4869 diebus
1467 4822 1572 4891 saepe
1596 4800 1814 4869 mentionem
1844 4800 2010 4885 faciebat,
2043 4814 2079 4873 et
2104 4800 2165 4897 qui

144 4916 255 5009 igitur
275 4912 507 4993 accersendo,
530 4921 569 4977 ut
588 4904 693 4975 cuius
710 4900 966 4973 consuetudine
988 4917 1023 4974 et
1038 4926 1126 4971 cou-
1177 4894 1270 4971 banc
1285 4915 1553 4972 contemnerent
1573 4900 1681 4971 stulte
1701 4900 1816 4971 facere
1833 4902 2009 4984 dicebat,·
2043 4900 2165 4995 Signi·

145 5030 269 5113 11111111
287 5010 717 5085 1111111111111111111111»
755 5015 791 5073 11
810 5002 892 5071 allis
912 5005 1125 5096 quibusdam
1175 5002 1282 5074 licant
1295 5018 1412 5073 tamen
1428 5004 1514 5073 tales
1530 5002 1801 5074 coniunctiones
1818 5026 1895 5073 non
1917 5016 1989 5073 tam
2003 5006 2165 5099 eorpori-

144 5122 190 5191 de
205 5118 318 5191 11111111
333 5134 511 5185 sermones
527 5124 602 5180 lum
620 5102 867 5191 habebantur,
883 5117 919 5174 et
934 5108 1124 5178 mitteban-
1174 5104 1262 5192 bus,
1288 5130 1392 5199 quam
1415 5106 1665 5175 coromunibns
1686 5106 1805 5175 rebus.
1854 5103 1980 5197 ltaque
1998 5108 2167 5179 sterilita-

135 5236 207 5301 ,tur
229 5220 351 5289 11111111
372 5217 430 5285 die
451 5216 496 5282 111
518 5206 738 5280 101111111111111
758 5206 902 5293 illesas,
927 5210 1057 5302 quibus
1077 5212 1122 5280 de
1173 5221 1243 5275 tem
1266 5209 1339 5298 ipse
1368 5207 1474 5277 etiam
1495 5233 1536 5277 ex
1559 5202 1625 5277 hac
1649 5222 1685 5279 et
1705 5208 1784 5277 aliis
1807 5219 1878 5276 tam
1913 5206 2028 5296 siguis
2060 5233 2166 5304 quam

141 5321 320 5416 Wstnll
333 5332 427 5391 5111111
441 5312 658 5387 11Ῑθῑΰᾶῑῐ1ἷ1
672 5309 876 5384 1101111111·
1170 5310 1361 5403 praesagiis
1377 5309 1450 5383 suis
1469 5311 1666 5399 metuebat,
1683 5324 1720 5383 et
1734 5324 1842 5382 autor
1857 5324 1932 5385 erat
1944 5304 2170 5399 Academiae,
