4546 5760
111 165 183 243 '195
477 152 728 241 SCRIPTA
758 154 840 239 All
871 152 1069 239 Vl'l'AM
1092 156 1446 238 'ET'OBlTUM
1475 158 1779 247 MELANTH.
2071 166 2156 241 ‘ten

113 334 307 430 scripturae
336 350 370 407 et
400 336 642 431 antiquitatis,
675 352 766 409 certa
792 328 1001 408 diiudicatio
1027 328 1101 406 lieri
1157 358 1244 428 qum
1269 335 1415 403 insidias
1437 336 1608 405 falsorum
1627 329 1797 421 fratrum,
1829 360 1936 429 quam
1961 348 2090 409 tetram
2115 356 2150 413 et

111 456 252 539 posset,
277 454 312 511 et
335 440 478 507 navavit
499 454 584 509 tnnc
606 433 793 531 Philippus
812 441 849 507 in
866 440 927 508 illa
946 440 1103 531 disputa·
1158 436 1433 506 abominabilem
1468 432 1575 506 huius
1610 437 1719 509 seculi
1754 433 2015 530 sophisticam,
2059 464 2149 533 quaa

111 546 210 616 tione
232 566 309 612 cam
334 563 479 631 operam
495 534 672 623 Luthero,
698 555 802 633 atque
827 543 875 609 ita
898 540 1103 631 interpella·
1157 537 1359 618 mendacia,
1380 561 1467 630 quas
1492 541 1725 609 contumelias
1745 554 1840 611 tsmta
1862 565 1942 611 enm
1966 540 2150 632 patientia,

112 645 166 715 vit
189 670 228 714 ac
250 641 416 711 refutavit
431 636 597 725 Eceium,
624 654 663 709 ut
681 641 758 726 ille,
784 641 873 711 sicut
894 656 966 713 erat
988 643 1105 730 impa·
1158 663 1198 708 ac
1212 662 1301 729 pene
1317 639 1393 707 sine
1409 662 1513 707 sensu
1531 640 1718 722 sustinuit,
1744 644 1843 734 quasi
1861 642 2043 711 adomnia
2061 637 2148 713 haec

115 749 228 828 tiens,
252 745 394 813 tandem
420 741 458 808 in
482 736 567 809 haec
593 743 698 810 verba
722 759 984 835 prorumperet:
1011 741 1105 811 Tace
1158 739 1228 809 iam
1243 741 1382 830 pridem
1396 739 1627 810 occalluisset.
1669 740 1937 812 Nosverocum
1955 743 2149 833 impatien-

117 861 158 916 tu
180 841 345 934 Philippa
371 866 410 909 ac
429 856 489 911 tua
514 840 628 910 studia
654 867 753 929 cura,
780 870 824 913 ne
847 869 903 913 me
925 846 1105 935 perturba.
1159 842 1208 911 tia
1222 853 1341 910 nostra
1358 840 1457 926 inuti,
1475 857 1510 914 ct
1528 842 1626 911 illins
1640 842 1751 911 vicem
1768 843 1938 929 dolentes,
1963 844 2148 915 interdurn

118 943 312 1035 Praesagiit
328 959 412 1012 tunc
428 938 534 1011 Eccio
552 944 656 1011 credo
673 947 823 1030 animus,
849 946 988 1039 qualem
1003 946 1104 1014 illum
1160 943 1191 1010 ei
1213 936 1409 1011 hortatores
1431 956 1465 1011 et
1486 943 1708 1031 instigatores
1734 966 1904 1025 essemus,
1937 958 1977 1015 ut
1997 968 2149 1037 respons

121 1043 570 1134 adversariumaliquando
591 1041 889 1121 essethahiturns.
1159 1044 1276 1112 dendo
1308 1056 1343 1113 et
1373 1043 1555 1113 mendacia
1587 1044 1801 1128 refellendo,
1833 1044 1945 1115 Zoilis
1978 1046 2054 1117 illis
2079 1048 2148 1116 ali·

224 1146 376 1218 Rediere
392 1144 437 1212 ab
453 1144 516 1213 illo
532 1149 858 1233 congressunostri,
884 1173 924 1216 ac
940 1147 1107 1216 intereos
1159 1144 1302 1236 quando
1335 1144 1478 1214 tandem
1506 1169 1569 1214 nra
1601 1146 1815 1216 obstrueret:
1853 1145 2064 1237 Respondet
2088 1148 2149 1218 ille

123 1274 224 1321 amor
245 1261 278 1316 et
301 1246 631 1331 sancta,roneordia
654 1248 693 1314 in
717 1248 791 1319 ‹lies
814 1249 972 1339 singulos
997 1246 1107 1335 magis
1160 1245 1358 1315 doctrinam
1384 1268 1484 1315 suam
1510 1259 1544 1316 et
1571 1247 1700 1335 scripta
1721 1260 1805 1317 nota
1827 1269 1922 1327 esse,
1958 1242 2054 1317 nihil
2079 1248 2147 1319 alia

122 1350 303 1442 magisque
325 1344 466 1416 coaluit.
516 1343 600 1417 Fuit
623 1363 709 1418 tunc
731 1350 768 1417 id
789 1362 946 1441 tempus,
979 1373 1050 1443 qno
1072 1370 1108 1416 se
1160 1345 1390 1436 responsione
1418 1360 1479 1417 aut
1505 1348 1719 1417 refutatione
1746 1373 1837 1439 opus
1863 1372 1951 1419 esse.
2009 1346 2149 1421 interea

122 1453 225 1521 furor
240 1446 521 1521 adversariorum
539 1465 867 1543 nostrormuusque
890 1453 976 1520 adeo
993 1449 1109 1518 effun-
1161 1470 1266 1517 sunm
1297 1446 1384 1530 iter,
1424 1460 1465 1517 ut
1493 1448 1589 1532 dixi,
1630 1450 1796 1537 urgebat,
1835 1473 1915 1519 enm
1950 1448 2148 1521 Pontificiis

123 1556 241 1636 elebat,
266 1563 307 1620 ut
320 1571 366 1617 ne
381 1546 526 1640 quidem
539 1549 641 1619 furtis
655 1550 738 1634 suis,
765 1565 799 1621 ct
812 1551 1015 1641 imposturis
1034 1551 1108 1639 pla·
1161 1547 1344 1618 doctrinae
1356 1560 1496 1617 nostrae
1507 1545 1669 1619 hostibus
1682 1573 1744 1619 sua
1758 1550 1797 1620 in
1812 1551 1963 1622 statione
1977 1550 2147 1623 acerrime

6 1704 10 1709 -
125 1649 383 1723 eidecuntenti
401 1671 493 1728 esse,
519 1665 580 1719 aut
602 1650 778 1745 quiescere
797 1667 956 1743 possent,
981 1651 1053 1722 Sed
1069 1674 1108 1718 ea
1161 1649 1397 1739 depugnabat·

125 1758 271 1843 insuper
284 1776 347 1842 pro
364 1773 499 1820 summa
514 1750 659 1841 pietate,
685 1754 935 1840 sanctimonia,
958 1766 993 1823 et
1007 1753 1110 1821 iusti-

124 1856 179 1925 cia
197 1853 338 1924 ademari
356 1851 584 1941 postularent.
636 1851 776 1923 Accidit
796 1877 896 1942 ergo,
922 1867 959 1924 ut
975 1848 1109 1923 Luthe-
1260 1844 1388 1918 Edidit
1401 1847 1528 1939 scripta
1546 1850 1700 1939 plurima
1713 1851 1900 1921 utilissima
1916 1863 1951 1922 et
1965 1852 2070 1924 valde
2086 1877 2147 1925 ue-

126 1980 189 2025 ras
217 1976 307 2045 pene
340 1952 472 2023 invitus
508 1953 553 2020 ad
580 1954 893 2025 contradicendum
917 1954 1110 2024 manifestis
1161 1949 1325 2028 cessaria,
1351 1973 1440 2042 qnae
1456 1944 1667 2040 hirsingnla
1682 1976 1862 2023 recensere
1877 1954 2026 2043 longum
2047 1954 2148 2041 foret,

124 2058 271 2126 illorum
286 2048 515 2144 blasphemiis
530 2055 809 2143 compelleretur,
825 2057 939 2127 adfuit
952 2056 1005 2124 illi
1020 2056 1111 2124 lidus
1162 2052 1222 2119 sed
1237 2050 1343 2120 fietet
1357 2046 1435 2130 hoc,
1459 2048 1536 2120 Deo
1549 2053 1753 2140 auxiliante,
1776 2054 1848 2124 alio
1863 2067 2034 2146 tempore.
2056 2054 2147 2126 Sunt

125 2160 259 2250 ubique
276 2169 310 2225 et
326 2155 487 2224 assiduus
507 2148 744 2250 παραστάτης
761 2153 969 2249 Philippus,
992 2152 1110 2249 Atque
1161 2165 1279 2223 autem
1300 2174 1343 2220 ex
1361 2146 1417 2221 his
1433 2154 1605 2243 quaedam
1621 2150 1831 2251 ἐξηγητικὰ,
1858 2157 1990 2249 quibus
2012 2158 2147 2247 praeci-

125 2261 175 2327 ita
196 2258 319 2336 ambo,
345 2269 386 2324 nt
407 2255 446 2324 lit
467 2270 546 2344 post
567 2271 767 2327 consertum
788 2260 960 2350 praelium
979 2259 1019 2325 in
1037 2281 1107 2327 rne·
1162 2253 1225 2343 pui
1241 2252 1325 2322 libri
1351 2252 1439 2321 sacri
1458 2254 1636 2325 luculenta
1660 2256 1952 2345 interpretatione
1966 2258 2147 2345 explican-

126 2360 225 2428 dinm
246 2371 381 2427 aestum
398 2356 599 2425 certaminis
615 2354 877 2446 pertrahuntur.
926 2357 1005 2429 Hoc
1021 2372 1109 2428 tem-
1163 2366 1241 2437 tur,
1277 2366 1320 2423 ut
1351 2355 1595 2424 commentarii
1630 2355 1668 2425 in
1706 2353 1913 2439 Danielem,
1950 2352 2146 2429 Iohannem

125 2483 213 2552 pore
227 2459 336 2527 nrrrlta
354 2456 470 2526 moliti
483 2471 568 2528 sunt
582 2459 786 2543 adversarii,
801 2474 940 2530 nostros
954 2471 995 2529 ut
1010 2482 1111 2528 ever-
1161 2450 1445 2543 Evangelistam,
1482 2449 1662 2546 Epistolas
1688 2455 1811 2544 Pauli,
1848 2471 1884 2529 et
1915 2458 2006 2529 alios
2037 2460 2148 2531 libros

127 2573 259 2642 terent,
292 2559 329 2626 id
353 2559 448 2649 quod
472 2558 601 2648 scripta
623 2574 657 2629 et
678 2572 751 2629 acta
779 2584 902 2629 eorum
927 2575 1110 2633 testantur.
1162 2577 1296 2638 sacros,
1321 2555 1450 2648 quibus
1470 2580 1545 2626 nun
1565 2559 1639 2628 scio
1663 2559 1750 2653 quid
1778 2560 1932 2631 exactius
1952 2573 2016 2631 aut
2037 2562 2148 2652 magis

127 2662 343 2748 Adiungunt
370 2672 403 2727 et
427 2658 559 2728 nostris
588 2658 698 2752 aliqui
732 2685 785 2740 se,
822 2658 881 2754 qui
914 2654 1110 2759 παράλογα
1161 2656 1384 2746 perspicuum
1405 2679 1480 2725 esse
1495 2659 1615 2748 possit.
1666 2658 1860 2730 Conferant
1882 2654 1967 2731 haec
1990 2685 2072 2731 cum
2088 2685 2147 2731 ve·

127 2762 300 2854 quaedam
321 2770 481 2841 movent,
506 2758 596 2829 sicut
615 2761 657 2830 tit
674 2761 779 2831 rebus
798 2764 903 2832 rrrntis
918 2777 950 2832 et
972 2778 1110 2855 pertur·
1162 2756 1316 2841 teribus,
1336 2756 1396 2849 qui
1413 2755 1544 2843 volent,
1570 2772 1604 2829 et
1620 2786 1813 2831 merorum
1828 2775 1950 2833 testem
1969 2784 2045 2832 esse
2057 2764 2147 2835 fate-

126 2863 230 2933 batis.
280 2859 359 2928 Hoc
375 2860 454 2953 loco
469 2859 507 2927 in
523 2882 609 2950 quas
626 2862 858 2950 difficultates,
884 2878 917 2935 et
931 2888 1020 2957 qnae
1035 2890 1110 2932 cer·
1161 2858 1307 2930 huntur.
1348 2856 1487 2946 Pugnat
1506 2874 1541 2930 et
1557 2886 1636 2930 cum
1653 2856 1815 2932 hostibus
1831 2862 1988 2934 veritatis
2002 2863 2149 2956 ubique,

127 2965 262 3061 lamina
278 2960 508 3033 Reverendus
520 2957 696 3033 Dominus
712 2963 920 3057 Praeceptor
934 2966 1110 3045 inciderit,
1162 2971 1202 3027 ut
1217 2958 1302 3041 dixi,
1327 2961 1506 3043 acerrime,
1532 2975 1566 3033 et
1580 2962 1651 3033 illis
1668 2964 1810 3056 quidem
1826 2965 1987 3053 iugulum
2003 2966 2147 3058 premit,

129 3086 405 3134 commemorare
428 3085 584 3152 possem,
614 3066 675 3133 sed
699 3067 737 3133 in
761 3067 857 3135 aliud
883 3080 1020 3158 tempus
1047 3068 1110 3135 ista
1162 3061 1226 3127 elsi
1245 3060 1363 3129 minus
1379 3060 1525 3130 fortusse
1543 3066 1798 3149 tumultuatur,
1822 3090 1929 3159 quam
1943 3066 2056 3161 aliqui
2073 3070 2148 3139 vel·

128 3190 281 3239 reservo.
332 3160 409 3233 Etsi
429 3160 497 3231 hoc
514 3164 655 3255 quidem
674 3166 764 3250 seio,
790 3180 825 3235 et
840 3192 921 3236 vere
937 3168 1111 3236 affirmare
1162 3161 1248 3233 lent.
1291 3158 1473 3230 Postremo
1490 3177 1530 3234 ut
1545 3165 1613 3234 alia
1630 3168 1803 3252 omittam,
1827 3192 2000 3237 summam
2014 3171 2148 3241 doctri·

127 3291 293 3358 possum,
325 3266 441 3355 ipsum
463 3263 590 3333 multas
613 3286 696 3335 sane
719 3262 883 3338 horridas
911 3269 1111 3351 sententias,
1162 3286 1229 3331 nae
1244 3256 1481 3331 Ecclesiarnm
1496 3280 1695 3336 nostrarum
1712 3268 1999 3339 comnmdissimo
2015 3285 2050 3339 et
2066 3294 2148 3343 eru·

129 3367 276 3460 nequid
293 3366 426 3436 tristius
442 3363 575 3450 dicam,
605 3378 690 3436 tunc
706 3369 885 3461 aliquibus
903 3394 981 3439 cum
998 3370 1109 3439 multa
1162 3364 1336 3433 ditissimo
1351 3367 1561 3453 corripendio
1576 3371 1778 3461 corriplexus
1793 3386 1843 3440 est
1859 3370 1898 3439 in
1913 3372 2048 3462 duplici
2069 3370 2146 3454 ἐξα-

128 3468 272 3539 lenitate
301 3481 335 3551 et
365 3466 637 3535 mansuetudine
664 3492 683 3537 e
710 3472 876 3540 manibus
910 3472 1108 3541 extorsisse:
1134 3478 1139 3581 j
1161 3458 1359 3563 μολογήσει
1388 3462 1614 3554 Augustana,
1647 3485 1682 3539 et
1711 3471 1792 3557 illa,
1823 3496 1912 3564 qnae
1940 3474 2148 3562 superioris,

130 3570 246 3659 (Quale
261 3564 328 3639 hoc
344 3582 411 3651 est,
437 3561 576 3637 homini
592 3563 793 3642 Christiano
811 3596 884 3641 ιιοιι
910 3573 1014 3641 licere
1036 3575 1111 3643 liti·
1134 3584 1138 3663 j
1161 3567 1323 3656 repetitio
1337 3579 1405 3648 est,
1426 3565 1519 3636 edita
1534 3594 1629 3637 anuo
1647 3572 1758 3647 1551.
1809 3570 1877 3641 His
1889 3574 2024 3644 accedit
2040 3576 2145 3666 plena

128 3696 209 3760 gare
222 3671 260 3738 in
275 3668 420 3752 iudicio,
439 3682 500 3737 aut
515 3665 741 3757 Magistratus
752 3673 894 3743 Politici
908 3676 1109 3761 cognitione
1135 3666 1138 3751 ἰ
1162 3681 1196 3736 ct
1229 3665 1443 3735 exactisshna
1470 3670 1654 3759 explicatio
1685 3677 1888 3762 dogmatum
1915 3674 2146 3767 'singulomcn

127 3773 185 3842 vel
209 3772 367 3841 subsidio
383 3770 451 3839 uti:
477 3766 749 3842 lusMosaicum
769 3774 939 3843 inferum
961 3798 1033 3842 esse
1052 3801 1109 3842 re-
1135 3774 1139 3823 t
1162 3763 1412 3859 corrrprehensa
1430 3768 1542 3856 libro,
1570 3775 1628 3844 cui
1649 3777 1773 3845 titulus
1788 3789 1857 3857 est,
1882 3774 1970 3845 Loci
1983 3802 2147 3849 commu-

127 3874 345 3960 meantum,
370 3894 485 3965 neque
497 3871 581 3939 ullis
598 3872 732 3962 legibus
746 3878 917 3944 utendam
935 3871 1110 3944 Christia-
1134 3829 1138 3969 A
1162 3894 1242 3953 ιιεε,
1274 3870 1389 3957 (luem
1411 3870 1543 3941 librum
1568 3899 1647 3942 curre
1672 3877 1817 3947 vidisset
1839 3871 2017 3947 Lutherns
2039 3902 2146 3951 ausus

127 3975 210 4063 ιιίε,ι
251 3972 333 4043 Non
362 3974 425 4042 ista
448 3966 597 4041 Lntberi
622 3973 723 4065 culpa
752 3977 1005 4057 movebantur,
1039 3978 1107 4049 Sed
1160 3973 1231 4041 fnit
1246 3972 1373 4054 dicere,
1397 3996 1470 4039 non
1487 3975 1650 4045 dubitare
1664 4000 1712 4063 se,
1738 3977 1827 4070 quin
1846 3978 1902 4046 vel
1918 4002 2031 4049 unum
2048 3976 2145 4052 hune

104 4142 109 4149 ,
124 4077 230 4145 fiebat
243 4074 298 4159 id,
324 4077 417 4169 (quod
434 4075 472 4142 in
489 4074 617 4144 talibus
634 4078 888 4148 mutationibus
904 4093 939 4149 et
954 4081 1108 4149 medica·
1161 4074 1292 4141 librum
1309 4070 1465 4163 Philippi
1482 4076 1647 4146 omnibus
1668 4078 1924 4164 sententiariis,
1948 4095 1984 4151 et
2004 4076 2147 4169 schola-‚¹

125 4174 283 4247 tionibus
299 4176 455 4245 accidere
472 4177 578 4246 solet:
604 4177 696 4246 hona
713 4180 805 4249 enim
822 4202 1016 4272 saepecum
1033 4206 1108 4250 ma·
1133 4166 1137 4201 ⁸
1161 4175 1255 4242 stitis
1280 4174 1418 4264 scriptis
1444 4176 1645 4249 anteferret.
1702 4177 1821 4273 Atque
1849 4191 1888 4251 ot
1916 4196 2086 4275 rumpant
2107 4206 2145 4255 se

124 4278 170 4347 lis
192 4278 432 4361 eradicantur,
460 4289 493 4345 et
515 4300 597 4345 sarm
620 4303 700 4348 cum
717 4282 892 4351 morbosis
907 4281 1107 4355 eiiciantur.
1161 4275 1275 4342 invidi
1298 4277 1358 4369 qui
1381 4290 1499 4367 postea
1516 4279 1593 4349 viro
1610 4294 1707 4351 tauto
1730 4282 1924 4351 obtrectare
1940 4298 2147 4374 coeperunt,

123 4376 216 4449 Nota
240 4374 355 4447 adime
379 4373 468 4445 mibi
489 4392 522 4446 et
547 4381 645 4470 quasi
670 4382 708 4449 in
725 4397 913 4472 conspectu
934 4396 1016 4452 sunt
1033 4384 1107 4453 eius
1160 4380 1316 4467 proferre
1336 4402 1450 4471 neque
1473 4403 1514 4448 ex
1536 4406 1692 4453 veterum
1716 4408 1779 4452 nec
1800 4384 2037 4454 recentiorum
2056 4388 2145 4457 scri·

125 4482 246 4550 aetatis
267 4476 351 4548 haec
375 4495 408 4550 et
431 4480 496 4548 alia
519 4481 725 4565 certamina,
751 4508 840 4576 quae
862 4485 1047 4571 sustinuit,
1073 4501 1107 4557 et
1159 4480 1245 4568 ptis,
1270 4502 1384 4571 raeque
1406 4482 1512 4551 etiam
1535 4505 1599 4553 suo
1614 4509 1655 4551 ex
1671 4479 1828 4554 Theatro
1847 4484 2050 4576 quidquam
2061 4498 2145 4577 pos-

123 4604 226 4671 saepe
246 4584 289 4648 de
312 4577 368 4650 his
389 4580 548 4674 querelas
570 4605 666 4667 suas,
696 4582 872 4655 Dominus
896 4585 1106 4678 Praeceptor
1157 4595 1258 4664 111111,
1293 4605 1373 4649 111111
1404 4577 1472 4653 hoc
1501 4586 1650 4676 scripto,
1681 4588 1777 4681 quod
1807 4586 1854 4655 sit
1874 4588 2146 4663 conferendum.

122 4685 297 4772 apud'tne
323 4683 495 4772 deposuit.
555 4682 624 4753 Sed
645 4698 684 4755 ut
714 4686 883 4757 formicae
913 4704 1046 4757 certum
1070 4703 1104 4759 et
1155 4680 1203 4752 Et
1219 4684 1248 4752 si
1264 4707 1336 4752 non
1352 4684 1458 4754 nitetis
1476 4685 1590 4777 iniqui
1608 4704 1691 4758 sunt
1705 4688 1943 4759 aestimatores
1960 4688 2070 4759 alieni
2092 4692 2147 4763 ln-

120 4806 234 4851 unum
259 4782 326 4851 iter
345 4798 479 4870 terunt,
508 4783 554 4852 ita
580 4785 640 4854 ille
664 4812 773 4855 tanum
796 4812 936 4859 cursum
958 4792 1103 4879 urgebat
1155 4786 1270 4865 horis,
1296 4787 1414 4856 dicant
1435 4787 1489 4855 illi
1510 4789 1632 4874 nohis,
1658 4791 1727 4859 nisi
1744 4788 2147 4882 utranqueCoufessiu-

122 4908 273 4973 semper,
304 4885 498 4973 simplicem
521 4887 723 4974 veritatem,
757 4914 903 4983 eamque
929 4890 1100 4961 illibatam
1154 4914 1234 4956 rtem
1245 4883 1403 4981 Philippi
1418 4903 1451 4958 et
1464 4886 1577 4959 Locos
1591 4914 1796 4961 communes
1809 4886 1996 4974 haherent,
2024 4898 2146 4986 quod-

78 5004 85 5011 ·
119 4998 160 5054 ut
176 4998 351 5069 tueretur,
375 4985 476 5053 illum
496 5012 635 5055 cursum
652 4991 782 5074 tenuit,
810 5017 955 5085 eamque
972 5006 1097 5063 metam
1151 5017 1234 5061 nam
1256 5015 1382 5082 corpus
1402 4991 1595 5079 integrum,
1624 5006 1809 5088 nntqnam
1830 5016 2006 5080 summam
2033 4990 2146 5070 huius

111 5099 257 5154 'secutam
282 5103 350 5165 est,
377 5088 489 5157 donee
512 5089 618 5171 vixit,
644 5115 708 5161 nec
730 5096 774 5161 ab
797 5119 837 5162 ea
851 5094 933 5164 ullis
955 5118 991 5163 se
1014 5121 1098 5164 corr·
1150 5093 1331 5165 doetrinae
1357 5106 1469 5161 essent
1504 5087 1687 5164 habituri?
1729 5093 1811 5165 Non
1843 5095 1915 5162 iam
1948 5094 2067 5167 dicam
2096 5100 2145 5173 de

116 5186 272 5254 tumeliis
286 5203 345 5257 aru
360 5188 500 5257 iniuriis
515 5190 685 5261 dimoveri
700 5206 819 5281 passus
834 5210 895 5277 est,
919 5194 966 5267 Et
982 5198 1097 5267 Dema
1148 5198 1246 5266 illius
1260 5194 1456 5263 utilissimis
1472 5194 1611 5285 scriptis
1625 5198 1664 5266 in
1677 5198 1756 5267 aliis
1770 5194 1980 5284 disciplinis.
2025 5198 2142 5291 Quod

113 5285 370 5377 immortalem,
411 5314 499 5385 quae
529 5291 662 5367 interea
691 5296 801 5386 ignita
830 5298 900 5369 tela
930 5299 1096 5388 Satanae,
1119 5322 1124 5374 ι
1146 5298 1395 5393 compendium
1416 5293 1642 5388 Dialectices,
1666 5302 1762 5395 quod
1779 5296 2010 5387 Rhetoriccs,
2038 5310 2142 5399 quod
