4546 5760
103 173 188 257 sos
696 158 1632 263 ouansrronusacannuruan.
1830 143 1883 232 Ἀ
2072 177 2154 253 aaa

98 359 205 425 'tores
227 368 301 416 esse
323 339 450 415 barum
474 341 806 427 renunciationum,
840 354 882 413 ιιι
898 341 1019 413 mirari
1038 337 1106 412 bo·
1158 337 1277 411 sumit.
1337 336 1472 410 senilia
1487 363 1635 432 corpora
1653 356 1736 413 sunt
1760 345 1935 434 aridiora,
1969 361 2003 418 ει
2021 346 2154 438 largius

105 470 218 521 nores
238 447 390 528 artium,
418 459 453 519 et
472 445 566 538 ipsas
586 458 678 515 artes
707 444 954 535 inciperemus.
1012 440 1105 515 Cum
1158 435 1394 510 humectando
1415 455 1517 529 suut,
1552 455 1587 521 et
1609 443 1699 515 fiunt
1727 445 1896 522 intestina
1921 448 2089 529 sicciora,
2121 451 2153 519 si
2226 501 2234 514 .

106 562 230 623 sutem
253 549 364 619 multa
388 570 513 639 magua
532 546 699 623 beneficia
724 559 844 617 nostra
860 557 955 615 aetas
971 546 1016 616 ab
1031 557 1106 615 arte
1158 540 1253 623 sitim
1268 542 1394 614 ierant.
1597 634 1599 640 y

105 651 247 723 medica
270 649 439 742 accipiat,
469 649 568 720 (ιεεει
583 670 651 718 nos
667 647 865 732 assuefieri,
887 660 928 718 ut
944 660 979 718 et
995 646 1108 739 ipsius
1259 643 1329 715 Sed
1354 645 1573 716 contrarium
1595 662 1844 738 argumentum
1864 667 1934 725 est:
1969 653 2056 726 Sitis
2072 654 2152 747 plus

106 752 199 825 artis
215 751 422 842 dignitatem
439 749 663 820 considerare
677 749 909 840 incipiamus,
941 764 975 818 et
990 748 1106 818 medi·
1158 745 1310 837 adpetit,
1341 771 1447 840 quam
1459 761 1619 819 naturae
1640 774 1729 838 optas
1753 768 1815 823 εει.
1866 754 1947 827 Νοιι
1963 756 2074 846 igitur
2090 756 2151 827 siti

94 876 171 927 etos
186 852 337 923 fideliter
352 864 493 922 nostrae
508 850 600 921 vitae
616 850 807 943 servientes
825 873 1045 930 veneremur.
1157 849 1426 937 gratificandum
1451 863 1516 922 εει.
1582 851 1651 922 Sed
1675 851 1890 939 videndum,
1925 858 2005 952 quis
2022 862 2151 927 modus

215 952 353 1045 Quare,
374 954 438 1024 etsi
454 949 546 1022 nihil
562 952 855 1043 adferredignum
870 952 995 1023 vestris
1009 949 1106 1021 auri-
1157 963 1304 1019 naturae
1323 965 1505 1039 congruas
1556 948 1679 1044 ltaque
1698 954 1858 1027 videmus
1871 962 2090 1030 adsuefactos
2104 963 2149 1030 acl

106 1056 179 1130 bus
193 1078 359 1148 possum,
386 1069 504 1125 tamen
519 1068 557 1125 ut
571 1054 685 1123 meam
707 1052 971 1141 graditudinem
988 1053 1106 1147 aliqua
1157 1051 1337 1121 modicum
1361 1067 1504 1143 potum,
1534 1065 1570 1123 et
1595 1056 1715 1124 minus
1735 1058 1852 1145 sitire,
1884 1076 1918 1131 et
1940 1061 2068 1131 melius
2088 1084 2149 1133 co·

106 1156 371 1249 significatione
394 1152 577 1227 ostendam
602 1177 682 1245 erga
704 1156 846 1239 Deum,
877 1168 912 1225 et
933 1178 1013 1246 erga
1028 1177 1106 1223 me·
1158 1176 1266 1245 quere
1288 1154 1404 1237 cibos,
1427 1166 1464 1224 et
1484 1154 1615 1225 rectius
1631 1171 1793 1228 naturam
1817 1160 1977 1238 reficere,
2004 1175 2037 1232 et
2051 1163 2149 1233 vale-

106 1260 228 1333 dicam
245 1270 377 1342 artem,
401 1258 492 1348 patri
510 1258 670 1341 iubenti,
704 1271 744 1327 ut
764 1256 802 1324 in
814 1250 976 1327 hocloco
997 1278 1106 1350 quae-
1157 1250 1315 1323 tudinem
1333 1249 1459 1325 habere
1473 1256 1684 1342 firmiorem,
1709 1274 1749 1331 ut
1764 1255 1820 1331 bic
1834 1260 2036 1333 Hubertum
2052 1261 2147 1335 Bur.

106 1360 262 1433 'ationem
281 1379 535 1451 proponerem,
561 1358 714 1429 libenter
728 1359 946 1449 obtempero.
1156 1359 1316 1445 gundum
1347 1357 1502 1426 vidimus
1543 1360 1745 1450 parcissime
1775 1365 1975 1449 bibentem,
2016 1367 2148 1456 optime

212 1461 374 1531 Primum
399 1461 518 1553 itaque
542 1459 618 1530 Deo
643 1460 901 1549 omnipotenti,
926 1456 1104 1529 conditori
1156 1457 1289 1540 valere,
1315 1481 1355 1526 ac
1370 1459 1509 1531 dicebat
1524 1460 1573 1545 is,
1597 1483 1634 1530 se
1650 1462 1688 1530 iu
1705 1465 1803 1535 ltalia
1828 1490 1930 1558 saepe
1947 1466 1985 1535 in
2009 1481 2149 1551 aestate,

106 1564 202 1636 coeli
224 1578 259 1635 et
280 1574 394 1631 terrae
416 1574 449 1629 et
472 1557 679 1645 bominum,
709 1574 744 1630 et
760 1561 909 1629 aliamm
927 1573 1105 1630 creatura·
1157 1571 1231 1628 toto
1246 1585 1399 1630 mensea
1417 1576 1505 1652 putu
1522 1563 1748 1649 abstinuisse,
1775 1567 1907 1637 interea
1922 1583 2041 1638 tamen
2057 1567 2149 1639 lam-
2181 1558 2185 1562 ¹

106 1688 212 1749 rum,
237 1677 379 1733 aeterno
393 1661 491 1732 Patri
506 1662 651 1733 Domini
666 1663 780 1733 nostri
798 1660 876 1732 lesu
890 1659 1045 1747 Christi,
1069 1675 1106 1733 et
1156 1662 1297 1731 beutem
1315 1687 1418 1751 poma
1432 1661 1572 1735 Persica
1589 1665 1718 1756 rigasse
1734 1691 1872 1759 corpus.
1908 1666 1982 1740 Nec
1996 1670 2147 1742 dubium

106 1766 186 1837 blio
202 1765 278 1836 eius
294 1762 372 1833 lesu
386 1760 547 1843 Christo,
574 1763 739 1835 crucifixo
756 1785 820 1853 pro
835 1764 940 1839 uobis
953 1777 988 1833 et
1004 1785 1105 1833 resu-
1157 1776 1226 1843 εει,
1259 1776 1419 1832 naturam
1445 1765 1584 1835 modico
1607 1780 1694 1859 potu
1714 1783 1915 1841 contentam
1940 1794 2027 1846 esse.
2076 1770 2148 1847 Sed

102 1867 254 1949 scitoto,
287 1878 323 1936 et
341 1863 495 1956 Spiritui
517 1880 657 1949 sancto,
682 1865 811 1956 gratias
828 1887 912 1956 ago,
942 1888 1021 1937 eum
1038 1888 1104 1956 pro
1157 1865 1200 1933 de
1231 1857 1296 1935 bue
1326 1866 1532 1958 qsraestione
1561 1878 1657 1939 tuam
1695 1873 1960 1962 responsionem
1992 1871 2149 1944 arbitror

107 1968 279 2040 omnibus
307 1965 506 2050 beneficiis,
539 1980 615 2036 tum
644 1990 727 2037 vero
754 1990 818 2057 pro
848 1961 917 2036 hoc
945 1990 1105 2051 munere,
1156 1978 1287 2055 gratam
1305 1962 1574 2037 foreomnibus.
1629 1968 1717 2040 ldco
1732 1974 1794 2045 abs
1809 1987 1843 2044 te
1860 1988 1959 2068 peto,
1984 1988 2023 2046 ut
2039 1960 2147 2068 expo·¹

106 2072 208 2169 quod
226 2069 332 2139 vitam
349 2068 453 2138 nobis
467 2067 632 2158 largitur,
657 2093 722 2138 nos
740 2067 950 2138 mirabiliter
964 2066 1045 2148 alit,
1071 2081 1105 2137 et
1156 2090 1239 2151 nas,
1270 2091 1375 2160 quam
1402 2071 1679 2140 moderationem
1704 2076 1834 2147 nostris
1850 2076 2060 2172 corporibus
2075 2077 2148 2149 uti·

106 2170 275 2243 condidit
298 2192 338 2238 ac
359 2169 571 2239 monstravit
592 2193 648 2238 res
668 2170 848 2254 salubres,
878 2182 914 2238 et
936 2170 1042 2239 utiles
1058 2169 1101 2239 ad
1154 2168 1280 2238 liorem
1296 2191 1368 2238 esre
1385 2183 1527 2245 statuas.
1577 2162 1673 2248 Dixi.

108 2270 414 2345 conservationem
436 2269 549 2356 vitae,
575 2282 609 2340 ει
631 2269 673 2339 ad
693 2272 902 2342 morborum
924 2269 1104 2362 depulsio-
1782 2264 1785 2269 ’

106 2396 213 2458 nem,
238 2386 272 2443 ει
292 2373 406 2462 ipsum
432 2371 567 2440 fontem
587 2374 681 2442 vitae
695 2384 732 2442 ει
747 2371 967 2445 conditorem
985 2396 1102 2441 rerum

105 2474 286 2545 bonam
308 2496 392 2556 oro,
427 2484 468 2542 ut
492 2473 596 2543 nobis
617 2473 727 2557 adsit,
757 2485 792 2542 ει
809 2497 872 2544 suo
888 2475 982 2543 dona
998 2473 1103 2543 nobis

107 2590 247 2655 servet,
271 2598 361 2668 quae
375 2572 517 2665 quidem
533 2588 616 2671 sunt
631 2574 831 2645 testimonia
849 2574 1102 2665 providentiae.
1165 2574 1233 2652 No.
1251 2574 1313 2652 48.
1652 2572 1658 2582 ’
1948 2592 2013 2674 (sn,
2031 2595 2144 2674 ἥρω

101 2673 251 2775 Deinde
273 2689 309 2747 et
331 2674 397 2747 arti
424 2686 458 2743 et
480 2671 699 2746 Ductoribus
722 2676 957 2747 reverentiam
975 2699 1102 2767 perpe·
1159 2676 1298 2697 *⁸
1962 2685 2135 2717 W*

105 2794 209 2851 tuam
236 2800 303 2847 nos
327 2778 455 2846 debere
484 2774 668 2881 profiteor,
699 2801 807 2871 quam
830 2777 976 2871 quidem
998 2800 1102 2869 prae·
1144 2824 1151 2831 -
1224 2797 1256 2854 tn
1277 2796 1410 2853 Metaon.
1427 2794 1532 2853 comit.
1550 2795 1596 2852 tat.
1611 2794 1693 2853 ntt.
1709 2816 1735 2870 ρ.
1754 2797 1804 2880 ιιι
1818 2815 1861 2871 sq.
1877 2825 1906 2838 -
1942 2797 2145 2854 Panaretus

107 2870 212 2955 ἠὼ)
226 2876 325 2948 omni
339 2876 472 2948 studio,
1254 2869 1426 2949 quaestiones
1446 2884 1503 2919 non
1521 2867 1554 2948 ad
1578 2866 1763 2949 academicos,
1794 2866 1931 2939 agiturque
1950 2886 2012 2936 ess,
2034 2868 2064 2923 iu
2081 2866 2145 2939 epi·

1256 2932 1334 2989 stobs
1351 2935 1433 2987 stmul
1453 2952 1516 2988 eum
1535 2935 1646 2988 tudrsus
1664 2935 1729 2988 dsce
1748 2934 1919 2989 debebamus.
1956 2934 2041 3006 Quod
2057 2955 2142 3010 quum

210 2977 316 3050 Nunc
330 2976 571 3073 quaestionem
584 2972 678 3048 banc
695 2978 763 3052 tibi
778 2978 972 3051 clarissime
987 2978 1103 3051 domi·
1165 3034 1172 3069 .·
1257 3007 1294 3063 tut
1312 3021 1371 3058 ooo
1388 3001 1491 3060 taum
1508 3002 1560 3074 sn,
1581 3001 1628 3058 sse
1645 3003 1763 3057 ammes
1781 3003 1930 3059 vesunu..

107 3105 157 3153 ne
178 3076 314 3152 Ductor
328 3072 521 3150 Iohannes
544 3073 691 3150 Alderte
713 3106 894 3173 propono:
929 3076 990 3152 An
1014 3089 1103 3151 recte
1179 3083 1182 3087 ’
1376 3132 1379 3137 ·
1523 3089 1526 3094 '

108 3178 249 3254 dictum
280 3180 330 3250 sit
358 3205 384 3250 o
406 3172 665 3277 Xenophonte,
703 3176 899 3252 bibendum
933 3206 1007 3253 esse
1035 3180 1103 3269 ito,
1155 3180 1400 3267 Quaestione
1430 3172 1576 3272 ottqmt
1605 3172 1655 3251 de
1683 3180 1951 3252 Sacraments's
1984 3186 2022 3250 et
2055 3179 2144 3253 aliis

104 3291 151 3357 ut
192 3280 323 3352 sitiens
357 3277 519 3354 desinas.
591 3276 696 3353 Sicut
736 3279 859 3380 inquit
895 3269 1102 3381 Xenophon
1152 3285 1324 3355 materiis
1355 3278 1574 3376 theologicis
1606 3300 1632 3352 o
1664 3280 1715 3351 D.
1742 3277 1807 3352 et.
1832 3281 2026 3368 (Cttdomt)
2041 3303 2145 3375 pro·

103 3380 237 3482 etcum
256 3374 425 3456 παύεται.
481 3376 542 3452 An
570 3405 651 3453 vero
673 3382 805 3454 rectius
827 3379 964 3455 dictum
986 3384 1037 3454 sit
1061 3380 1101 3453 in
1173 3385 1324 3479 positae
1350 3385 1400 3457 D.
1422 3378 1596 3475 Philippo
1605 3432 1621 3472 ,
1655 3378 1826 3454 ethesius
1850 3385 2122 3477 nespoostoaea

108 3480 223 3557 soteri
241 3478 457 3556 comoedia?
496 3485 594 3578 τρεῖς
619 3477 761 3578 μόνους
786 3491 975 3581 κρατῆρας
1000 3486 1102 3584 dyas·
1307 3482 1589 3581 quoedtossibus
1620 3484 1781 3581 singulis
1809 3483 1992 3559 adiectae.

107 3580 281 3686 ραννύω,
315 3587 393 3667 τοῖς
411 3579 452 3658 εὖ
476 3590 679 3680 φρονοῦσι,
709 3583 864 3682 τὸνμὲν
878 3584 1006 3687 ὑγείας
1022 3586 1100 3674 ἕνα,

106 3685 178 3764 τὸν
209 3681 251 3760 δὲ
273 3680 379 3759 δεύῃ
405 3713 449 3758 m,
473 3680 533 3758 “5⁰
564 3691 600 3767 -ς
646 3684 751 3760 τὸγτ
776 3684 859 3762 pm
873 3684 997 3762 ὕπνου
1055 3686 1101 3762 ὃν
1153 3643 1379 3725 Reverenter
1393 3664 1495 3747 peto,
1518 3649 1730 3722 utbreviter
1743 3649 1966 3740 significetis,
1991 3674 2163 3744 quomo·

380 3711 402 3781 ρ
463 3712 486 3780 η
535 3711 616 3779 Wi'
753 3713 774 3782 ρ
1005 3741 1016 3774 '
1152 3757 1200 3825 do
1213 3754 1474 3848 simplicissime
1489 3766 1523 3826 et
1536 3751 1727 3824 rectissime
1741 3752 1786 3823 de
1794 3751 1926 3823 finibus
1935 3749 2144 3824 Sacramen-

106 3781 480 3885 ιῑθπιᾶιῑειοὶσόφοι
493 3785 708 3881 κεκλῃμένα
723 3783 849 3863 otaoida
864 3787 1100 3886 βαδίζωσιν.
1546 3854 1555 3872 ‚

100 3872 203 3969 *tres
216 3904 354 3962 tantum
372 3906 523 3963 crateras
545 3888 695 3982 praebeo
722 3892 968 3983 prudentibus.
1020 3890 1100 3963 Pri·
1132 3896 1138 3916 ¹
1153 3872 1272 3929 ⁸⁰¹¹¹ffl
1287 3857 1509 3953 ¹⁰q⁰⁰¹¹d¹¹¹¹¹
1526 3868 1583 3928 ⁸¹¹·

105 4018 209 4081 mum
229 3990 401 4064 sanitatis.
450 3990 656 4063 Secundum
680 3993 883 4085 voluptatis.
935 3992 1099 4064 Tertium
1500 4005 1528 4079 1,
1567 4003 1798 4095 Quaestio,

103 4094 259 4213 ⁸⁰¹¹¹¹¹3·‚
313 4090 397 4182 0¹¹⁰
430 4085 558 4210 h‚³¹¹⁵¹⁰
592 4094 784 4211 i'md‘me‘
824 4108 911 4166 ‘⁰¹¹¹
943 4097 1099 4166 dmum·
1252 4119 1410 4197 Rectene
1432 4119 1569 4195 dicitur
1591 4117 1635 4193 de
1657 4117 1929 4211 Sacramentis,
1956 4118 2001 4196 de
2020 4121 2143 4220 bapti-

104 4194 197 4270 Utra
231 4210 277 4265 stt
309 4208 481 4264 sententra
515 4207 666 4282 gratior,
708 4220 782 4265 non
814 4198 1004 4268 obscurum
1038 4210 1099 4271 est.
1151 4252 1250 4310 ΜΟ,
1290 4238 1322 4299 33
1357 4223 1400 4297 de
1429 4216 1554 4297 Coma
1588 4220 1769 4308 Domfnf,
1806 4221 1908 4324 quod
1928 4222 2145 4320 'confirmem

103 4296 178 4372 seu
194 4311 311 4369 tamen
330 4297 518 4413 illedurus
534 4297 738 4415 adolescens
753 4295 888 4392 Cyrus,
914 4299 1006 4389 apud
1026 4297 1098 4399 Xe·
1141 4325 1280 4426 fidem,
1306 4327 1364 4400 πρ
1376 4323 1635 4428 quodpropter
1650 4321 1961 4420 confirmanomm
1972 4321 2070 4419 fidu·
2083 4327 2143 4397 pn„

103 4393 347 4492 ¹²⁰Ph⁰⁰²⁰m²
373 4397 635 4516 v¹d⁰¹¹¹¹⁸⁰⁰b¹f
652 4400 1097 4518 l‘gemiempngmmew
1150 4430 1401 4505 stitutosint?
1451 4425 1613 4528 Curiique
1629 4428 1669 4497 s'n
1684 4426 1855 4497 articulis
1860 4423 1962 4521 fidei
1977 4422 2080 4499 nihil
2092 4428 2142 4500 sit

102 4525 186 4575 enm
212 4514 350 4572 natura,
410 4495 544 4568 Natura
569 4521 666 4568 enam
684 4513 811 4590 ειιρειιι
834 4514 972 4571 tantum
994 4514 1098 4571 restr-
1151 4535 1231 4607 sim
1259 4556 1429 4630 expresso
1468 4529 1572 4601 mbo
1600 4527 1681 4601 Du·
1704 4524 1958 4611 flatandum,
1995 4553 2144 4630 quaem,

100 4602 179 4727 tui,
212 4614 386 4696 quantum
404 4599 628 4719 absumptum
645 4613 714 4685 est,
749 4613 784 4670 ει
802 4602 976 4722 tantisper
991 4604 1098 4693 adpe-
1151 4636 1217 4709 ubi
1232 4631 1639 4732 hicfinispmponmr
1659 4629 1700 4701 in
1713 4629 1927 4728 mptum?

99 4708 185 4779 uuo
208 4726 283 4772 non
308 4715 360 4772 est
386 4723 541 4784 vrcrosa,
575 4704 687 4771 donec
712 4715 858 4772 naturae
881 4704 1096 4774 satisfactum
1806 4734 1809 4739 ·

100 4819 167 4878 est„
221 4805 293 4874 lam
315 4805 345 4874 si
371 4802 488 4871 minus
514 4802 672 4888 bibatur,
705 4829 810 4898 qtram
835 4819 1007 4896 qnantum
1033 4804 1096 4872 ab·
1266 4772 1545 4866 .Rest¹⁰¹¹⁵¹⁰
1571 4767 1644 4845 Pb·
1669 4764 2002 4844 M²¹³¹¹¹h⁰¹¹i⁸0

100 4921 285 4998 sumptum
299 4921 370 4988 εει,
396 4927 469 4973 non
483 4903 604 4973 satisfit
618 4918 774 4975 naturae.
825 4904 1028 4976 bibendum
1046 4920 1098 4976 εει
1249 4898 1344 4969 Dico
1360 4908 1451 4963 recte
1465 4891 1595 4962 dici-ad
1610 4891 1887 4960 confirmandam
1898 4891 2022 4975 fidem,
2044 4890 2141 4962 ium

98 5009 214 5102 igitur
241 5020 401 5089 tantum,
433 4998 472 5074 ut
501 5005 595 5076 sitim
627 5007 843 5098 restinguas,
873 5022 908 5079 et
944 5008 1094 5101 expleas.
1148 5001 1257 5070 illud:
1286 4990 1479 5095 oppuys‘da
1494 4985 1741 5085 δικαιοσύνης.
1796 4991 1900 5075 Ιιειιι,
1925 4987 2006 5062 Hos
2019 4989 2140 5089 fosite

98 5109 181 5183 lmo
191 5111 297 5179 etiam
307 5107 446 5196 corpori
462 5106 781 5200 rigatioaliquantu
792 5110 925 5198 largior
940 5114 1094 5202 prodest,
1147 5102 1186 5172 s'n
1201 5101 1275 5171 mei
1288 5092 1681 5189 eonsmemorotionem,
1702 5093 1865 5166 videlicet
1881 5093 2032 5166 fidelem.
2066 5091 2139 5163 Nec

97 5227 178 5287 tom
203 5209 370 5292 iuvenili,
407 5221 481 5277 tum
504 5206 626 5291 senili,
660 5229 805 5301 propter
829 5213 943 5292 asarias
961 5234 1093 5281 causas.
1144 5220 1282 5276 tantum
1305 5215 1387 5272 sunt
1408 5197 1568 5292 symbola
1593 5195 1838 5286 professionis,
1868 5208 2139 5285 autcongregu·

96 5313 220 5388 Labor
234 5312 329 5385 enim
346 5310 384 5379 in
400 5308 550 5380 iuvenili
564 5334 711 5402 corpore
725 5313 844 5387 statim
859 5315 1012 5387 multum
1027 5313 1091 5384 ab·
1144 5307 1273 5390 tionis,
1300 5325 1503 5400 quanquam
1518 5312 1553 5373 et
1567 5294 1635 5399 hoc
1650 5310 1746 5374 sunt.
