4546 5760
111 121 190 261 sor
842 169 1170 254 canumnu
1218 173 1328 250 arn
1351 173 1433 252 nt

116 352 265 424 Pectora
279 360 487 421 cunctorum
506 344 621 417 duleis
637 340 828 418 concordia
842 346 974 440 iungit,
1163 345 1234 419 Hic
1248 360 1283 418 et
1297 345 1447 417 consilio
1464 342 1631 417 mirando
1648 345 1792 418 victima
1807 346 1933 428 factos,

170 451 217 527 Et
234 451 352 524 studio
371 451 554 520 aedificant
567 442 609 546 ⁴⁸)
625 448 764 519 moenia
780 462 900 521 nostra
920 449 1034 543 parl.'
1057 521 1060 526 ,
1214 448 1377 523 Iustitiae
1390 448 1498 520 solvit
1513 449 1632 520 debita
1643 440 1762 546 λύτρα
1779 450 1902 541 patris.

107 555 320 649 -lsaciasque
334 553 451 625 tribus
465 565 607 622 cunctas
622 546 695 622 bne
709 551 763 622 ire
776 569 918 623 netem
935 566 998 640 est,
1164 550 1328 645 Cumque
1346 575 1452 623 cruor
1467 564 1542 622 toto
1559 565 1721 622 maneret
1735 576 1902 644 corpore:
1930 544 2080 644 supplex

171 659 339 731 Cedeuda
359 669 410 725 est
424 655 494 724 alio
510 654 653 725 victima
668 653 771 724 nullo
786 654 877 723 loco.
974 670 978 677 ⁴
1215 653 1375 724 Vulnera
1391 678 1457 746 pro
1474 653 1579 724 nobis
1593 654 1745 739 obtulit,
1770 668 1876 748 atque
1894 676 2025 746 preces.
2059 682 2062 687 ·

121 761 191 833 Hie
206 784 274 830 vox
289 757 471 829 doctrinae
482 769 668 848 spargatur
681 770 722 828 ut
736 755 841 827 unica
857 779 981 850 purae,
1165 753 1214 826 Et
1229 755 1299 825 sibi
1314 769 1525 849 perpetuum
1541 755 1705 826 doctrina
1720 757 1855 845 colligit
1872 780 2012 847 agmen,
2064 830 2066 835 ,

92 946 93 949 ¹
172 863 291 954 Quam
308 859 413 930 nobis
426 857 525 929 coelo
540 856 688 929 tradidit
703 857 778 951 ipse
796 857 903 932 Deus.
1218 855 1412 928 vivificans
1423 859 1533 928 verbo
1548 870 1689 950 pectora
1708 872 1829 928 nostra
1846 882 1924 933 sun.

124 957 240 1060 lpsius
256 978 296 1034 ut
310 962 451 1031 bonitas
466 960 505 1029 in
518 956 593 1030 'toto
609 960 724 1031 luceat
738 960 835 1046 orbe,
1093 977 1097 982 ·
1169 956 1383 1052 Quanquam
1400 974 1517 1030 autem
1540 961 1586 1028 ad
1602 961 1760 1029 dextram
1777 961 1920 1032 coelesti
1941 962 1980 1032 in
1997 961 2088 1032 sede·

176 1067 336 1159 Notaque
350 1064 421 1134 sint
435 1061 533 1152 gnati
547 1086 695 1132 munera
711 1084 838 1151 magna
855 1058 921 1133 sni.
1684 1062 1797 1132 rentis

124 1169 295 1244 Restituit
311 1166 415 1235 nobis
430 1166 537 1234 vitam
551 1165 613 1257 qni
629 1164 708 1234 labe
722 1178 869 1247 remota,
1220 1158 1299 1254 lpse
1316 1163 1377 1232 dat
1390 1155 1478 1233 haec
1495 1183 1633 1252 semper
1648 1165 1800 1233 maxima
1819 1166 1914 1234 dona
1930 1163 2017 1255 piis:
2063 1214 2066 1219 -

178 1269 329 1359 lustilica
348 1268 463 1337 salvos
479 1281 513 1336 et
526 1266 611 1337 lacit
624 1288 699 1336 ease
713 1265 793 1337 lide.
1017 1302 1026 1311 -
1168 1261 1341 1334 Doctores
1356 1278 1472 1334 tamen
1490 1263 1672 1353 adiungit,
1698 1266 1882 1359 sociosque
1899 1266 2077 1347 laborum,

125 1372 196 1444 Hic
211 1372 291 1441 sons
307 1367 491 1439 doctrinae
505 1366 549 1438 sit
567 1367 738 1460 limpidus
755 1366 839 1435 inde
854 1364 1008 1457 fluentis,
1221 1361 1367 1454 Organa
1384 1387 1472 1458 qnos
1489 1364 1584 1433 vocis
1600 1367 1773 1457 praecipit
1784 1391 1858 1437 esse
1872 1390 1970 1438 suae.
2061 1397 2080 1411 2

177 1473 259 1565 Non
274 1471 353 1542 ficto
373 1469 469 1540 Dens
486 1481 525 1539 ut
541 1469 650 1562 possit
663 1461 723 1563 ”)
741 1463 881 1538 bonore
896 1467 977 1537 coli.
1168 1463 1263 1537 Cura
1279 1470 1324 1538 sit
1342 1463 1397 1536 his
1413 1467 1529 1538 fontes
1546 1461 1579 1562 ³)
1600 1469 1782 1539 doctrinae
1799 1493 1902 1540 nosse
1918 1470 2077 1539 salubres

127 1575 318 1651 Posteritas
334 1573 372 1641 in
388 1596 457 1665 qua
475 1569 624 1644 Davidis
639 1594 746 1661 regna
762 1569 910 1663 tenebit,
1221 1568 1390 1640 Fundere
1405 1564 1434 1664 ⁵)
1450 1582 1485 1638 et
1500 1568 1541 1636 in
1555 1570 1688 1659 populo
1708 1571 1856 1641 flumina
1870 1566 1905 1668 ⁵)
1920 1595 2010 1662 pura
2030 1568 2088 1643 ne·

179 1676 249 1747 Hic
263 1698 400 1766 semper
413 1675 514 1743 ¹sedes
530 1697 603 1745 non
620 1673 778 1766 peritura
792 1684 923 1742 manet.
1170 1668 1332 1765 Cumque
1347 1669 1549 1742 Sacerdotis
1564 1666 1699 1741 Christi
1721 1674 1939 1763 coniungere
1959 1673 2065 1759 votis,

127 1777 273 1869 Diligite
288 1773 381 1847 hanc
396 1773 587 1870 Solymen,
612 1788 648 1846 et
665 1787 765 1866 grato
781 1768 920 1843 reddite
933 1770 1052 1852 corde,
1222 1771 1396 1842 Assiduos
1411 1771 1579 1860 gemitus,
1607 1796 1688 1841 cura
1712 1774 1774 1860 sit,
1799 1788 1907 1868 atque
1922 1795 2055 1866 preces.
2068 1841 2071 1844 ,

179 1879 308 1954 Debita
325 1872 410 1948 hnic
426 1900 550 1952 omnes
565 1867 651 1972 m)
672 1898 839 1957 munera,
865 1884 964 1958 vota,
989 1891 1121 1964 preces,
1172 1873 1290 1945 Gnate
1305 1873 1373 1944 Dei
1388 1874 1492 1943 nobis
1507 1873 1596 1943 iram
1610 1875 1748 1965 placato
1765 1877 1933 1969 parentis,

130 1984 203 2075 Qui
218 1983 315 2053 lovet
331 1979 455 2050 officiis
471 1972 564 2049 banc
579 1977 682 2049 iustis
697 1991 802 2070 atque
816 1989 946 2060 tuetur,
1223 1974 1272 2046 Et
1285 1989 1345 2047 tua
1359 1974 1533 2045 discentes
1551 1977 1712 2065 dogmata
1733 1973 1875 2050 Christe
1890 1993 1999 2070 tegas.

181 2084 345 2173 Proteget
358 2076 455 2150 bunc
469 2102 607 2171 semper
623 2082 765 2151 dextera
782 2082 908 2169 magna
924 2074 1003 2148 Dei.
1173 2077 1302 2170 Tuque
1320 2070 1428 2174 λόγος
1443 2078 1566 2145 vivens
1582 2078 1712 2149 nostris
1730 2080 1768 2148 in
1786 2081 1966 2151 mentibus
1984 2079 2087 2166 adsis,

130 2188 188 2260 Sit
203 2186 270 2256 tibi
286 2208 375 2278 pax,
401 2195 437 2253 et
452 2205 534 2252 vera
550 2182 664 2268 salus,
689 2177 866 2266 Ecclesia,
892 2199 1031 2271 semper
1057 2197 1059 2201 ’
1224 2180 1273 2252 Et
1286 2181 1373 2253 llatu
1388 2181 1559 2249 aocendas
1573 2193 1714 2270 pectora
1729 2196 1849 2252 nostra
1867 2195 1941 2256 tuo.

182 2288 283 2379 Quae
302 2284 407 2355 discis
425 2284 543 2354 studio
558 2286 720 2375 dogmata
737 2295 856 2353 sancta
871 2281 942 2375 pio.

131 2391 260 2462 Fausta
296 2411 393 2459 meos
428 2399 575 2480 propter
603 2388 748 2470 fratres,
788 2398 1004 2477 propterque
1037 2402 1125 2472 pro-

382 2502 385 2511 “
650 2487 816 2580 pinques.
860 2540 863 2544 ,

182 2590 282 2687 Opto
299 2590 365 2664 tibi
375 2534 392 2675 ,Ι
411 2603 447 2661 et
461 2587 586 2680 templi
600 2610 646 2657 ne
662 2587 805 2659 labefiat
818 2581 944 2656 bonos.
1175 2588 1242 2660 No.
1264 2586 1353 2666 254.
1770 2523 1779 2539 ·
1999 2598 2088 2666 „gg

144 2801 347 2817 fi-——v‘·-“

1246 2806 1639 2931 arramato.
1652 2805 1788 2948 att·
1817 2825 1870 2937 te
2008 2806 2088 2867 ”t

155 2931 223 3006 No.
239 2929 329 3004 253·
382 2944 392 2952 ’
652 2978 655 2982 -
962 2953 1012 2994 au.
1028 2928 1126 2994 1552.

139 3029 350 3057 “f“
976 3023 1112 3050 ⁹⁹⁹
1177 3028 2088 3131 Ineffipiemlonnne‘sFrs'ders‘ci,Dssoist

207 3132 325 3184 Carmen
338 3129 375 3180 de
386 3121 479 3188 stato,
494 3122 657 3176 nomismate
668 3121 755 3192 gentis
768 3118 890 3176 iudaicae
904 3119 986 3174 babes
1006 3119 1035 3174 in
1048 3120 1127 3192 epist.

242 3198 303 3251 Vol.
319 3194 381 3252 Vll.
398 3212 425 3265 p.
436 3192 497 3248 96⁵.
516 3218 550 3234 -
586 3188 748 3245 Meladtbon
770 3199 860 3244 sutem
872 3188 941 3242 illud
951 3198 1053 3312 postea
1067 3208 1128 3243 mu·

231 3263 445 3406 'stertat
459 3255 1130 3454 teg.'3³5¹'2‘tttttrtsatatat
1180 3284 1251 3355 ne
1269 3311 1326 3356 me
1344 3286 1910 3380 a.....1........,...g....
1928 3292 2072 3379 eane.

571 3415 586 3450 θ
599 3416 623 3453 ΙΙ

239 3401 366 3476 putreant.
379 3397 456 3471 pta
491 3396 528 3452 vi
625 3417 652 3452 m
667 3396 737 3454 stet.
752 3394 1106 3485 russataretetttt.
1232 3387 1285 3458 De
1302 3402 1423 3460 nostra
1439 3401 1581 3469 monet,
1606 3403 1641 3460 et
1655 3391 1837 3460 debilitate
1850 3394 1964 3462 docet.

422 3510 424 3515 ’
607 3518 609 3524 ⁴
653 3563 662 3580 .
758 3502 760 3507 '
1181 3490 1367 3563 Flosculns
1386 3486 1444 3560 bic
1460 3491 1598 3563 redolet
1612 3491 1735 3561 nitidis
1758 3488 2009 3582 pulcherrimis
2022 3492 2088 3568 bot

535 3560 597 3631 De
620 3559 732 3632 Sim·
869 3649 871 3655 ,
1051 3664 1056 3671 ,
1232 3591 1280 3664 Et
1295 3607 1412 3662 tamen
1428 3592 1553 3681 exiguo
1570 3607 1728 3684 tempore
1741 3596 1850 3665 durat
1868 3598 1976 3666 odor:

138 3699 235 3769 Iusta
250 3695 470 3764 sacerdotum
484 3693 645 3782 designat
659 3687 690 3790 ¹)
707 3715 854 3762 munera
872 3681 999 3776 Sielus,
1183 3694 1242 3765 Sic
1254 3718 1309 3762 res
1323 3690 1497 3764 humanas
1509 3694 1644 3784 fragilis
1657 3697 1800 3766 fortuna
1814 3699 2002 3785 gubernat,

191 3795 303 3869 Cuius
316 3795 355 3863 in
367 3790 515 3865 Ebraeis
531 3795 681 3865 urbibus
698 3818 782 3866 usus
801 3805 886 3864 erat.
1062 3850 1066 3858 .
1235 3795 1412 3889 Tempore
1426 3797 1475 3864 sic
1490 3791 1650 3867 homines
1665 3813 1828 3890 stantque
1844 3800 2088 3895 caduntquebt

141 3899 186 3971 ln
201 3925 272 3994 quo
288 3898 475 3966 florescens
490 3895 665 3988 insculpta
683 3912 734 3968 est
751 3896 848 3987 virga
864 3891 1030 3980 Aaronis,
1187 3897 1250 3968 llle
1264 3923 1327 3988 ego
1343 3897 1403 3992 qui
1420 3901 1599 3991 quondam
1617 3900 1700 3968 felix
1716 3926 1792 3968 mea
1807 3924 1914 3991 regna
1933 3903 2088 3972 tenebam

95 4036 99 4043 ·
194 4002 295 4091 Quae
310 4012 448 4080 monet,
474 4012 515 4068 ut
529 4001 679 4070 doceant
694 4000 856 4087 dogmata
871 4021 960 4089 pura
974 3994 1053 4069 Del.
1236 3999 1304 4069 Hic
1321 4003 1383 4070 ubi
1399 3999 1591 4070 Saxonicos
1609 4002 1732 4090 irrigat
1752 3999 1857 4072 Albis
1869 4027 1985 4093 agros.

140 4100 245 4174 Parte
261 4102 350 4171 calix
367 4102 436 4170 alia
452 4116 502 4172 est
516 4099 682 4195 impletus
701 4096 806 4172 thure
820 4099 968 4180 Sabaeo,
1184 4101 1296 4174 Cuius
1311 4116 1386 4172 erat
1404 4114 1516 4171 totum
1532 4103 1760 4173 celeberrima
1775 4106 1867 4174 fama
1885 4130 1950 4198 per
1966 4106 2088 4189 orben

194 4202 262 4274 llic
278 4202 404 4272 offerre
419 4226 554 4293 preces,
581 4218 621 4275 nt
638 4228 730 4273 nova
744 4198 869 4288 thura,
896 4201 1006 4271 iubet.
1236 4203 1343 4291 Quod
1359 4226 1514 4293 regerem
1533 4205 1682 4296 populos
1697 4231 1776 4277 cum
1794 4207 1924 4298 pietate
1940 4232 2048 4282 meos.

143 4302 310 4404 Attamen
325 4319 405 4373 ante
421 4304 508 4374 alios
520 4329 678 4377 summus
690 4304 777 4375 facit
789 4303 855 4374 ista
871 4302 1039 4374 sacerdos
1186 4305 1330 4398 Quique
1347 4329 1409 4394 ego
1423 4329 1488 4395 pro
1508 4307 1618 4397 patria
1637 4331 1796 4398 pugnans
1812 4322 1846 4379 et
1860 4310 2027 4400 dogmata
2040 4329 2088 4379 sat

195 4407 309 4478 Filius
322 4421 464 4477 aeterno
479 4409 522 4476 de
538 4408 697 4497 genitore
709 4419 816 4477 satus.
1237 4407 1459 4490 Defendens,
1485 4408 1619 4478 clarum
1637 4434 1769 4479 nomen
1786 4410 1920 4505 ubique
1937 4413 2015 4483 tuli.

125 4508 223 4602 ‘lpse
241 4511 321 4579 sinu
337 4509 470 4599 profert
489 4509 594 4580 nobis
609 4503 746 4578 decreta
772 4505 940 4598 parentis,
1186 4510 1292 4583 Nunc
1306 4534 1361 4577 me
1376 4510 1554 4600 captivum
1579 4523 1676 4582 tenet
1689 4513 1797 4597 alter,
1824 4528 1859 4584 et
1871 4513 2006 4605 optima
2021 4509 2088 4584 nobi

196 4610 348 4683 Restitui
364 4606 399 4707 ²)
418 4612 523 4681 vitam
541 4634 612 4705 quo
628 4611 713 4680 velit
730 4610 790 4679 ille
808 4610 928 4683 modo.
1238 4611 1329 4684 Cum
1349 4613 1413 4696 sit,
1436 4635 1511 4680 non
1524 4611 1598 4680 ullo
1615 4626 1871 4700 causaturum,
1897 4617 1999 4708 perit.

145 4711 214 4782 Hic
229 4711 405 4782 Aaronaei
421 4725 539 4784 coetus
554 4725 606 4784 est
620 4711 748 4782 florida
766 4711 878 4800 virga,
1187 4713 1312 4806 Erepti
1328 4715 1435 4784 fasces
1451 4727 1484 4784 et
1498 4715 1615 4782 inanis
1630 4716 1739 4805 gloria
1756 4713 1900 4801 Mundi,

197 4813 250 4885 Ac
266 4810 451 4905 Evangelii
466 4815 599 4884 semina
622 4815 737 4906 prima
756 4805 883 4886 fer'ens.
1031 4879 1033 4882 ,
1241 4815 1312 4887 Sed
1327 4815 1498 4908 placuisse
1514 4816 1577 4885 uni
1593 4819 1752 4908 praefero
1771 4842 1871 4910 posse
1887 4818 1977 4893 Deo.

180 5019 211 5079 *t
230 5015 394 5084 oeds'sicnat]
414 5016 494 5073 Vina.
509 5016 591 5072 edidit
604 4987 736 5071 condant.

181 5104 229 5172 ss)
251 5099 333 5160 Vino.
345 5111 450 5166 posset.
1225 5096 1254 5166 b)
1264 5097 1376 5167 sontes]
1394 5095 1464 5153 Pbil.
1473 5095 1619 5166 sormam.

180 5187 245 5256 m)
264 5188 345 5243 Vino.
360 5188 455 5241 dedita
468 5195 568 5242 cuncto
582 5189 633 5241 tut.
712 5244 714 5249 ι
1226 5185 1255 5250 t)
1276 5181 1344 5238 Pbil.
1359 5183 1511 5236 salubrem.

184 5282 211 5342 l)
231 5280 372 5343 designat]
393 5272 497 5328 Philoc.
515 5278 703 5327 demonstrat.
1228 5272 1255 5337 5)
1276 5267 1345 5327 Phil.
1367 5266 1495 5322 Tradere
1515 5282 1566 5340 pto
1587 5267 1724 5346 Fundere.

180 5364 208 5432 2)
226 5362 298 5417 Pbil.
313 5373 339 5416 et
349 5360 459 5434 Scripta
473 5361 607 5415 restituit.
951 5356 954 5360 ’
1228 5355 1255 5426 6,·
1268 5354 1410 5424 flumina]
1428 5354 1498 5410 Pbil.
1515 5359 1660 5429 dogmata.

1280 3139 1392 3209 Elect.
1407 3141 1571 3210 tenentis
1584 3161 1701 3211 manu
1720 3136 1920 3235 flosculum
1936 3144 2071 3218 violae.

1194 4985 1420 5005 W
