4546 5760
193 206 274 277 227
560 188 811 272 SCRIPTA
841 189 919 267 au
954 184 1257 265 virtu-uu
1288 183 1528 265 outuutt
1552 190 1860 277 uastum
2147 202 2232 279 lm

198 376 343 471 publice
359 387 393 444 et
410 370 598 465 privatim,
617 370 714 465 quod
732 391 877 461 precum
891 364 1051 439 studium
1066 364 1107 435 in
1119 357 1188 435 ho-
1240 355 1338 431 hunc
1358 364 1513 435 eundem
1535 365 1600 459 qui
1619 368 1769 443 maritus
1789 370 1890 445 illius
1909 372 2047 459 fuerat,
2077 384 2114 445 et
2137 372 2229 447 torte

198 478 359 548 minibus
373 474 507 545 nostris
519 472 725 564 augescebat
742 466 810 541 hoc
824 484 1002 560 tempore,
1024 490 1096 561 quo
1112 488 1188 536 non
1241 476 1317 535 tum
1331 487 1498 554 praeseus
1511 470 1651 552 aderat,
1681 472 1728 541 ad
1743 468 1840 543 hunc
1858 474 2056 565 igiturtum
2070 474 2154 563 ille,
2179 478 2228 551 sir

199 580 353 671 amplius
369 582 408 647 in
422 576 607 668 publicum
623 573 767 667 prodire
783 568 829 642 D.
843 566 1033 663 Philippus
1046 566 1189 660 conspi-
1240 590 1316 637 non
1336 565 1549 662 loquebatur
1568 595 1660 643 uxor
1682 586 1744 645 tua
1769 576 1945 665 moriens,
1975 592 2011 651 et
2031 578 2145 653 simul
2166 604 2228 653 vo

199 683 377 767 elebatur,
402 694 437 750 et
451 678 643 749 lectionum
658 698 782 767 operas
795 674 1060 744 intermittebat.
1109 668 1189 741 Hoc
1239 691 1317 739 cem
1350 668 1450 741 illam
1482 666 1592 745 huius
1623 681 1932 753 commemorabat.
1984 676 2113 757 'Etiam
2135 680 2228 757 :aliu

201 785 400 853 enimcum
427 805 502 850 non
526 780 598 849 nisi
622 792 777 848 extrema
797 777 1002 847 necessitate
1027 785 1188 844 coactum
1239 793 1344 863 saepe
1357 773 1551 846 testabatur
1570 800 1607 846 se
1631 792 1813 851 matronae
1836 782 1934 855 illius
1954 782 2167 855 memoriam
2189 784 2227 863 iu

200 889 316 955 facere
337 908 417 954 eum
440 883 588 961 scirent,
627 894 661 950 et
680 880 754 948 illis
776 880 882 949 etiam
903 879 1031 948 diebus
1053 875 1188 968 experti
1240 885 1315 944 tota
1331 874 1405 947 vita
1422 899 1497 945 uon
1511 901 1615 970 posse
1625 880 1824 973 deponere,
1856 882 2010 977 Propter
2030 884 2141 957 talem
2160 885 2228 977 igi·

201 1001 333 1071 essent,
361 1010 401 1056 ex
423 1008 465 1055 eo
481 986 526 1054 de
541 981 700 1074 periculo
716 981 986 1067 aestimabatur,
1011 994 1116 1072 atque
1138 978 1187 1049 ita
1240 988 1300 1047 tur
1317 976 1542 1049 affectionem
1569 1004 1651 1071 erga
1681 979 1774 1054 hanc
1793 1008 1893 1057 suam
1916 988 1993 1059 beri
2017 988 2158 1080 potuit,
2189 1002 2228 1063 ut

201 1089 367 1182 precibus
388 1087 499 1174 magis
522 1085 786 1155 intendebatur.
847 1072 954 1171 Qsiod
978 1082 1087 1171 igitur
1108 1078 1186 1152 loa·
1240 1100 1305 1168 per
1319 1078 1475 1172 quietem
1492 1082 1597 1154 etiarn
1612 1088 1784 1158 memoria
1805 1088 1905 1161 illius
1918 1089 1951 1159 ei
1966 1091 2228 1177 obversaretur,

202 1187 341 1262 chimus
366 1214 405 1257 ea
430 1189 489 1257 die
507 1212 529 1257 a
553 1182 723 1279 Philippo
739 1185 919 1255 discedere
941 1185 1125 1274 cogitaret,
1153 1196 1189 1255 et
1240 1174 1310 1249 hoc
1328 1183 1535 1272 praesertim
1556 1197 1714 1277 tempore
1736 1213 1807 1283 quo
1828 1192 1875 1261 dc
1894 1206 2009 1263 morte
2031 1192 2227 1283 plur-immo

202 1306 366 1382 aegrotus
382 1306 504 1361 noster
514 1289 677 1380 pridiana
693 1288 752 1357 die
765 1301 911 1379 propter
926 1288 1089 1358 febrilem
1105 1310 1187 1378 par·
1240 1280 1433 1371 cogitabat,
1474 1286 1574 1356 cuius
1605 1289 1783 1361 foeminae
1813 1307 1848 1363 et
1876 1294 2111 1387 sequentibus
2134 1294 2226 1369 vitae

201 1417 388 1489 oxysmum
424 1414 513 1483 pene
546 1386 642 1461 nihil
661 1390 746 1459 cibi
771 1403 833 1460 aut
865 1404 971 1481 potus
1002 1387 1188 1460 assumsis-
1240 1383 1367 1456 diebus
1383 1385 1572 1481 aliquoties
1588 1390 1808 1463 mentionem
1825 1394 1995 1481 faciebat,
2019 1396 2227 1473 etfuitnou

201 1511 271 1580 set,
304 1496 542 1587 apparabatur
567 1493 602 1561 ci
631 1491 769 1585 aliquid
799 1491 967 1561 ientaculi
988 1491 1088 1572 loco,
1115 1516 1187 1584 quo
1240 1509 1349 1577 parva
1365 1489 1479 1559 exitus
1499 1491 1685 1587 utriusque
1709 1493 1920 1567 similitudo.
1970 1495 2100 1569 Postea
2124 1500 2227 1571 etde

202 1594 404 1668 loachimus
421 1597 654 1675 discessurus,
679 1607 720 1664 ut
741 1609 817 1665 tum
833 1595 1082 1678 constituerat,
1106 1617 1186 1663 cum
1240 1589 1397 1658 carmine
1411 1591 1603 1679 referebat,
1624 1596 1722 1688 quod
1737 1597 1840 1671 tertia
1853 1613 1957 1669 nocte
1971 1612 2054 1671 ante
2068 1600 2227 1671 accinctu

200 1701 278 1792 ipso
302 1713 481 1779 uteretur,
516 1721 587 1789 quo
612 1721 693 1767 curn
715 1696 880 1789 pluribus
902 1696 1022 1765 cibum
1046 1695 1187 1787 capiens
1240 1689 1309 1760 sibi
1331 1691 1369 1760 iu
1392 1693 1525 1763 somnis
1542 1696 1638 1765 visus
1661 1698 1792 1768 fuerat:
1842 1698 2030 1773 Desiderio
2047 1701 2227 1773 desidera·

201 1802 346 1871 suavius
364 1813 398 1870 et
414 1802 494 1892 plus
508 1811 711 1871 assumeret.
763 1792 814 1868 At
827 1798 920 1868 illud
941 1798 1052 1887 igitur
1074 1798 1188 1866 ienta-
1240 1792 1277 1859 vi
1292 1805 1358 1863 etc.
1411 1790 1452 1863 lu
1472 1794 1536 1866 illo
1550 1795 1658 1887 igitur
1673 1799 1852 1873 ientaculo
1866 1827 1948 1873 cum
1962 1804 2006 1873 de
2026 1802 2169 1875 iusculo
2194 1816 2226 1875 et

201 1904 322 1975 culum
354 1915 543 1995 autequam
577 1923 619 1969 cx
651 1923 794 1970 musaeo
828 1901 1075 1980 descenderet,
1106 1923 1186 1968 cum
1239 1891 1320 1962 aliis
1333 1893 1436 1965 valde
1452 1921 1578 1987 parum
1594 1901 1813 1975 assumsisset
1829 1903 1930 2001 (nam
1952 1904 2024 1975 cibi
2035 1906 2156 1979 ferme-
2171 1904 2226 1975 ni-

200 2006 293 2075 forte
310 2004 520 2074 assedissent
536 2002 662 2088 ambo,
687 1999 913 2072 Camerarius
929 1995 1186 2073 ctMelaothon
1239 1987 1293 2062 hil
1313 1998 1512 2070 assumebat
1534 2000 1608 2071 illis
1626 2004 1795 2074 omnibus
1817 2006 1935 2076 morbi
1951 2007 2099 2094 diebus,
2121 2020 2160 2081 et
2184 2008 2225 2079 de

202 2130 307 2199 supra
333 2130 535 2191 scamnum,
565 2128 637 2198 quo
667 2103 867 2196 plerunque
896 2103 1035 2175 solebat
1063 2105 1107 2172 ad
1133 2101 1188 2171 ia-
1238 2108 1326 2187 potu
1347 2099 1492 2191 quidem
1517 2102 1717 2202 modicum)
1739 2120 1815 2175 tum
1835 2108 1945 2198 igitur
1964 2108 2086 2181 subito
2099 2107 2226 2183 debili-

200 2232 328 2289 nuam,
345 2207 493 2301 reliquis
509 2205 572 2301 qui
587 2205 694 2274 officii
710 2229 812 2275 causa
827 2229 966 2296 semper
979 2206 1012 2274 ei
1027 2205 1187 2286 aderant,
1238 2210 1396 2269 caseum
1422 2213 1519 2273 tanta
1538 2208 1749 2298 occupabat,
1782 2209 1888 2279 utin
1912 2233 2099 2281 musaeum
2125 2234 2226 2293 suum

200 2313 321 2403 plures
336 2334 443 2403 quam
461 2330 550 2401 opus
563 2321 638 2378 erat
656 2320 692 2379 et
705 2308 933 2377 commodum
954 2307 1186 2377 circumstan-
1239 2300 1357 2371 redire
1372 2304 1499 2389 vellet,
1524 2320 1559 2377 et
1576 2306 1627 2378 ibi
1642 2309 1681 2378 in
1700 2310 1830 2381 lectulo
1846 2334 1883 2380 se
1898 2314 1943 2382 ad
1958 2312 2113 2406 quietem
2129 2322 2226 2385 cnsu-

199 2414 317 2494 tibus,
335 2425 371 2481 et
385 2412 491 2481 verba
506 2411 631 2480 fierent
647 2410 691 2478 de
706 2407 910 2479 valetudine
926 2422 960 2478 et
974 2408 1046 2478 vita
1065 2408 1188 2498 ipsius,
1239 2418 1403 2493 poneret,
1429 2428 1595 2477 somnum
1614 2425 1818 2502 expectans,
1837 2436 1909 2507 quo
1925 2414 1999 2483 illis
2014 2415 2226 2491 diebustsc-

200 2530 276 2585 tum
302 2514 411 2604 igitur
434 2510 479 2582 D.
502 2506 692 2603 Philippus
712 2524 881 2604 tanquam
906 2509 1070 2578 ultimam
1092 2509 1188 2577 salu·
1237 2527 1295 2572 me
1318 2504 1394 2575 solo
1420 2506 1582 2579 alebatur
1603 2526 1639 2583 et
1668 2516 1903 2585 recreabatur.
1959 2514 2058 2587 Haec
2088 2540 2147 2589 res
2179 2518 2224 2589 ita

199 2632 273 2687 tem
303 2610 484 2684 loachimo
513 2613 691 2682 dicturus:
729 2609 787 2681 Mi
817 2608 970 2680 Domine
998 2605 1187 2696 loachime,
1238 2599 1460 2677 loachimum
1494 2615 1757 2698 commovebat,
1791 2628 1832 2687 ut
1866 2616 2056 2688 consilium
2083 2619 2131 2689 tle
2153 2618 2225 2689 dis·

200 2718 359 2795 dicebat‚
391 2738 514 2785 sumus
536 2714 606 2781 iam
628 2712 733 2781 amici
756 2714 802 2782 ab
821 2713 925 2781 annis
940 2712 1186 2805 quadraginta,
1238 2728 1336 2777 cessu
1363 2708 1573 2800 deponeret,
1598 2725 1634 2784 et
1657 2729 1795 2787 mutata
1818 2720 1995 2790 sententia
2017 2718 2083 2795 illo
2104 2720 2166 2791 die
2189 2742 2224 2791 sc

201 2834 237 2889 et
259 2842 341 2888 vera
362 2816 450 2902 fuit,
479 2830 584 2909 atque
605 2827 730 2884 mutua
752 2812 933 2883 internos
954 2813 1119 2900 dilectio,
1143 2839 1186 2885 ex
1237 2803 1324 2878 hinc
1346 2832 1524 2903 nusquam
1557 2831 1808 2893 commoveret.
1866 2818 1939 2891 Sed
1967 2819 2155 2915 quiescens
2187 2822 2225 2899 iu

201 2942 271 3015 qua
300 2933 427 2988 neuter
451 2918 521 2988 sibi
548 2916 738 3010 quicquam
758 2914 951 3008 quaesivit,
982 2916 1185 3009 fuimusque
1236 2910 1368 2980 lectulo
1392 2908 1574 2983 Dominus
1596 2911 1806 3009 Philippus,
1838 2933 1881 2993 ut
1910 2922 2091 3008 diximus,
2117 2922 2224 3017 paulo

200 3024 272 3093 duo
297 3022 444 3116 quidam
459 3018 717 3109 ludimagistri,
749 3017 836 3088 boni
856 3010 1093 3113 παραστάται
1120 3042 1183 3087 suo
1236 3025 1317 3103 post
1330 3013 1591 3085 obdormiscere
1607 3019 1723 3111 coepit
1736 3022 1982 3094 etdormiebat
1997 3023 2059 3093 ille
2075 3036 2153 3095 tum
2167 3048 2224 3099 so-

200 3125 350 3219 quisque
374 3124 471 3207 loco,
502 3137 537 3194 et
567 3119 707 3191 conlido
734 3118 874 3190 labores
899 3134 1040 3191 nostros
1063 3120 1185 3190 multis
1237 3136 1381 3195 mnum,
1403 3128 1444 3185 ut
1458 3116 1533 3209 ipse
1550 3131 1671 3209 postea
1693 3125 1861 3196 narrabat
1878 3147 2041 3212 suavem,
2066 3127 2131 3197 sed
2144 3128 2223 3221 pri-

199 3226 392 3319 profuisse,
423 3226 521 3317 quod
544 3222 573 3291 si
593 3218 690 3291 Deus
712 3221 761 3291 ita
778 3221 950 3305 voluerit,
976 3234 1017 3293 ut
1041 3222 1185 3306 moriar,
1237 3240 1336 3287 mum
1357 3217 1507 3307 supinus
1528 3234 1563 3291 et
1583 3222 1762 3314 palpebris
1783 3227 1875 3296 male
1898 3228 2180 3301 conniventibus
2190 3242 2223 3305 et

199 3326 391 3398 amicitiam
417 3339 576 3395 nostram
596 3323 634 3392 in
657 3324 719 3393 illa
742 3324 851 3393 altera
872 3322 945 3393 vita
966 3322 1184 3393 sanctissime
1236 3318 1347 3388 ferme
1371 3320 1608 3413 semiapertis,
1641 3339 1786 3418 eratque
1807 3329 1955 3399 omnino
1981 3330 2117 3422 speeies
2138 3332 2222 3403 dor-

199 3431 367 3502 colemus.
418 3425 545 3499 Postea
563 3427 606 3495 ad
628 3425 846 3496 ientaculum
864 3424 971 3496 simul
993 3427 1185 3496 descende-
1236 3419 1400 3506 trientis,
1424 3424 1492 3493 sub
1507 3424 1609 3496 initia
1625 3429 1742 3498 somni
1759 3429 1857 3501 illius
1873 3430 2134 3505 tristissimam
2149 3433 2223 3525 pla-

198 3546 302 3612 runt,
329 3554 482 3623 cumque
497 3528 717 3599 accubuisset
731 3524 925 3598 Camerarii
941 3550 1090 3619 genero,
1120 3528 1185 3621 qui
1238 3522 1358 3615 risque
1390 3523 1454 3593 illa
1488 3526 1661 3619 lacrymas
1695 3531 1928 3623 exprimeret,
1965 3556 1987 3603 a
2018 3534 2222 3609 domesticis

197 3635 382 3723 coniugem
405 3632 570 3701 amiserat
578 3624 647 3725 ¹⁸),
676 3644 710 3701 et
730 3642 808 3699 tum
831 3654 940 3722 prope
959 3654 1041 3699 eum
1059 3654 1184 3700 conse-
1235 3637 1355 3693 autem
1376 3636 1545 3718 tanquam
1566 3641 1729 3701 mortuus
1753 3646 1829 3703 tum
1844 3636 2119 3728 deplorabatur,
2143 3660 2222 3711 cum

197 3737 314 3819 derat,
340 3729 426 3803 huic
448 3733 558 3823 igitur
580 3731 738 3811 dicebat,
769 3725 836 3801 hac
859 3743 962 3801 nocte
987 3727 1099 3801 habui
1122 3752 1183 3800 so-
1235 3724 1481 3796 solicitudines
1506 3728 1652 3821 quidem
1676 3749 1908 3824 augerentur,
1938 3737 2146 3825 universis,
2160 3738 2222 3811 sed

196 3834 341 3906 mnium
360 3836 405 3904 de
432 3859 542 3905 uxore
564 3846 624 3905 tua
649 3857 754 3926 quam
778 3827 869 3901 mihi
892 3830 1013 3901 videre
1035 3831 1184 3903 videbar
1235 3826 1343 3919 paulo
1356 3840 1436 3917 post
1449 3828 1490 3898 in
1504 3829 1597 3901 latus
1610 3854 1647 3901 se
1661 3849 1870 3908 convertens
1884 3838 1961 3908 sine
1976 3838 2050 3911 ulla
2065 3840 2222 3919 tristiore

195 3937 427 4022 morientem,
454 3931 541 4007 haec
556 3948 717 4005 matrona
734 3957 831 4003 anno
846 3946 882 4005 et
896 3946 1029 4026 septem
1050 3935 1183 4005 mensi·
1235 3929 1350 4021 specie
1374 3931 1591 4014 dormiebat,
1625 3936 1731 4007 etita
1756 3952 1798 4011 ut
1829 3939 2065 4012 animadverti
2091 3956 2222 4035 putem

196 4040 264 4110 hus
286 4053 388 4110 antea
408 4036 626 4109 sanctissime
649 4048 788 4107 mortua
805 4037 937 4122 fuerat,
962 4059 1069 4131 quam
1085 4038 1181 4131 quod
1235 4056 1317 4103 eum
1336 4033 1491 4104 suaviter
1510 4035 1679 4109 dormire.
1731 4036 1869 4113 interea
1893 4036 2096 4121 loachimus
2116 4044 2221 4121 ¹etiam

197 4154 287 4212 esset
309 4154 491 4233 praestans
515 4141 662 4233 pietate,
686 4152 721 4209 et
742 4138 842 4207 omni
865 4138 970 4207 laude
991 4139 1182 4211 matronali
1233 4135 1279 4206 ad
1302 4131 1457 4227 quietem
1480 4139 1660 4224 secedere,
1685 4164 1791 4235 quem
1814 4143 1963 4213 minime
1978 4144 2071 4215 bene
2094 4144 2219 4221 afl'erto

195 4245 372 4326 foemina,
396 4242 500 4311 valde
514 4237 703 4333 Philippus
716 4239 904 4324 dilexerat,
929 4254 964 4311 et
982 4254 1096 4323 morte
1112 4236 1182 4311 hu·
1234 4258 1383 4327 corpore
1397 4249 1433 4308 et
1449 4238 1568 4309 animo
1584 4263 1658 4311 esse
1679 4245 1882 4335 apparebat.
1939 4241 2025 4317 Post
2044 4238 2155 4321 haras
2174 4248 2219 4323 ad

196 4344 253 4415 ius
268 4342 475 4435 gravissime
486 4343 724 4429 afficiebatur,
749 4342 896 4437 piosque
911 4363 1090 4412 sermones
1111 4337 1181 4413 hu·
1233 4336 1425 4409 minimum
1446 4354 1533 4421 tres,
1556 4366 1644 4435 quas
1656 4345 1846 4418 continuas
1858 4344 1904 4420 D.
1919 4343 2113 4439 Philippus
2134 4350 2218 4423 dor-

196 4445 253 4517 ius
277 4446 531 4517 recordabatur
552 4458 588 4515 et
608 4445 826 4530 celebrabat,
855 4467 947 4538 quos
969 4445 1074 4536 paulo
1100 4457 1181 4515 ante
1233 4439 1403 4526 miserat,
1422 4442 1736 4535 expergiscebatur,
1757 4449 1897 4544 sibique
1909 4450 2162 4529 suavissimum
2173 4452 2220 4523 il·

195 4562 348 4620 mortem
369 4572 472 4618 ex-ea
494 4547 691 4620 audiverat.
750 4543 866 4617 Unam
889 4546 1034 4641 quidem
1057 4570 1180 4617 vocem
1232 4544 1308 4615 lum
1331 4564 1496 4614 somnum
1517 4546 1625 4618 fuisse
1639 4549 1686 4619 ad
1702 4574 1825 4623 ornnes
1842 4553 2054 4639 testabatur,
2079 4566 2118 4627 et
2135 4576 2219 4633 sam

196 4645 279 4719 huis
299 4674 381 4743 prae
404 4650 548 4720 caeteris
574 4649 816 4742 praedicabat,
842 4650 938 4741 quod
964 4649 1004 4717 in
1027 4662 1180 4737 extrema
1232 4639 1302 4715 hoc
1321 4643 1371 4717 ita
1392 4662 1569 4721 receatum
1595 4674 1678 4719 eum
1698 4654 1909 4746 apparebat,
1939 4668 1982 4727 ut
2004 4654 2138 4729 rectius
2162 4654 2218 4733 vsl

196 4752 379 4822 debilitate
402 4752 530 4823 dixisse
552 4776 649 4838 eam,
673 4749 909 4836 meminisset,
957 4749 1040 4822 Scio
1063 4749 1178 4823 Deum
1232 4748 1351 4818 minus
1373 4747 1496 4820 saltem
1518 4751 1612 4821 male
1634 4753 1751 4825 valere
1767 4756 1968 4839 videretur,
1992 4782 2101 4853 quam
2115 4780 2216 4851 prae-

195 4849 287 4922 mihi
306 4854 499 4923 affuturum
525 4877 615 4938 esse,
640 4877 746 4946 quam
768 4876 888 4921 vocem
902 4844 1003 4922 ¹tanti
1020 4852 1181 4940 faciebat,
1231 4849 1439 4923 cedentibus
1452 4854 1568 4923 morbi
1584 4853 1709 4926 diebus
1726 4857 1914 4931 universis.
1965 4856 2044 4931 Sub
2066 4859 2107 4931 id
2127 4872 2217 4933 tem-

194 4968 237 5025 nt
259 4976 361 5047 saepe
387 4955 519 5025 diceret
542 4977 579 5024 se
601 4979 665 5046 per
687 4978 829 5023 omnem
845 4954 956 5024 vitam
972 4950 1079 5026 huius
1104 4982 1179 5028 uon
1231 4976 1298 5047 pus
1313 4975 1354 5022 ex
1367 4947 1578 5025 Academiae
1595 4967 1736 5026 nostrae
1752 4954 1946 5053 Theologis
1970 4984 2063 5032 unus
2086 4962 2217 5035 discet-

194 5058 357 5128 oblivisci
372 5078 493 5149 posse,
520 5069 555 5126 et
567 5059 722 5149 quodam
740 5071 900 5147 tempore
920 5058 965 5126 ad
982 5059 1180 5131 mentiones
1231 5076 1336 5126 surus
1349 5055 1387 5122 in
1402 5055 1552 5147 patriam
1567 5053 1779 5130 Chersonesi
1791 5059 2022 5158 Cymbricae,
2046 5062 2093 5135 D.
2108 5062 2216 5137 Prae·

195 5160 369 5249 domagtis
398 5160 442 5228 de
463 5158 685 5232 dubitatione
709 5182 756 5228 an
776 5159 886 5229 simus
909 5158 947 5228 in
970 5161 1104 5249 gratia,
1134 5166 1180 5235 ad
1231 5157 1364 5250 ceptori
1378 5157 1527 5227 salutem
1543 5159 1634 5230 dixit
1651 5163 1833 5247 ultimam,
1858 5190 1963 5261 quem
1983 5158 2216 5241 honorifices

1231 5283 1267 5330 se
1289 5257 1493 5341 dimittens,
1527 5262 1639 5333 libros
1663 5264 1696 5333 ei
1723 5266 1829 5339 dabat
1864 5281 1942 5340 tum
1965 5291 2089 5341 recem
2119 5271 2215 5365 apud

228 5384 274 5453 ιε)
287 5383 338 5440 aa,
348 5388 371 5442 1.
388 5385 493 5441 amuis.
1231 5384 1297 5432 nos
1312 5360 1443 5449 editos,
1468 5364 1513 5435 ad
1527 5358 1661 5456 Regem
1679 5370 1921 5458 perferendos,
1946 5384 1983 5443 at
2001 5394 2057 5459 se,
2080 5394 2165 5446 cum
2178 5372 2215 5443 in
