4546 5760
126 217 240 299 tm·

128 389 303 464 Adsertor
321 383 393 457 hnc
408 380 626 457 Terentiam
646 378 780 463 fabula,

127 492 197 566 Cui
214 514 346 563 nomen
365 501 469 559 antor
485 485 560 577 ipse
574 483 656 554 fecit
672 477 860 565 Andriam,

127 595 277 679 Favete,
303 592 419 663 bellus
430 591 468 659 in
484 587 640 657 medium
658 581 778 676 prodit
796 605 912 653 senex.

144 819 412 836 Μ

165 973 231 1044 Νο.
259 967 321 1043 46.
353 916 356 923 *

137 1070 350 1103 Μ

201 1184 232 1235 ln
247 1176 383 1247 farragine
396 1174 489 1230 Secer.
502 1185 529 1229 et
540 1174 570 1228 in
585 1191 650 1248 opp.
664 1175 727 1230 Bas.
744 1172 778 1228 T.
794 1171 827 1226 V.
845 1193 871 1246 p.
883 1170 945 1227 882.
968 1170 1039 1223 Item
1054 1168 1125 1235 apud

237 1249 360 1303 Vincent,
378 1263 407 1314 p.
423 1243 481 1299 128.

772 958 841 1058 (an.
858 967 952 1030 1525.
968 968 1016 1028 rel
1032 954 1107 1049 26.)

768 1058 1125 1103 w

283 1408 462 1503 Prologus
486 1408 529 1477 io
550 1403 744 1479 Hecubam
765 1397 973 1494 Euripidis.

131 1564 271 1636 Salvete
286 1573 497 1655 spectatores
513 1556 771 1642 candidissimi,

132 1665 207 1756 Qui
225 1663 401 1735 literariae
418 1662 470 1731 rei
489 1662 580 1732 bene
598 1660 739 1752 cupitis,

130 1769 250 1840 Hisne
270 1765 419 1835 luvenes
434 1764 552 1834 daturi
570 1759 678 1834 hodie
693 1758 932 1849 Tragoediam

123 1867 248 1942 Orare
264 1890 403 1936 causam
421 1868 514 1958 apud
533 1889 595 1935 vos
614 1866 794 1934 iusserunt
810 1883 920 1933 snam.
941 1951 944 1955 ⁴

133 1972 218 2044 ldeo
236 1966 295 2040 bic
310 1970 349 2037 in
364 1970 441 2063 ipso
458 1966 600 2038 constiti
617 1965 814 2059 proscenio,

131 2071 180 2147 Et
193 2076 268 2162 lege
283 2073 418 2141 scenica
437 2084 538 2161 peto,
558 2083 598 2141 ut
611 2067 734 2163 aequis
751 2063 898 2136 auribus

133 2173 345 2248 Orationem
364 2172 542 2263 accipiatis
556 2196 690 2253 rneam,
718 2182 752 2239 et
768 2188 865 2236 meos

133 2278 303 2369 Gregales
319 2275 491 2345 invidiam
507 2287 629 2344 contra
645 2269 829 2343 tueamini.

132 2381 290 2471 Quidam
302 2388 408 2462 novo,
432 2391 538 2472 atque
547 2368 583 2473 *)
597 2376 745 2446 infando
759 2370 920 2463 exemplo
932 2366 1125 2452 clamitant,

131 2483 258 2556 Factus
275 2482 392 2551 alieno
410 2494 570 2570 tempore
588 2480 692 2549 ludos
710 2474 878 2555 scenicos,

131 2585 181 2659 Et
198 2608 273 2654 sera
290 2577 524 2654 Bacchanalia
541 2606 560 2650 a
580 2580 684 2650 nobis
703 2578 770 2669 agi,

130 2688 227 2760 Dum
245 2681 459 2756 Christianis
474 2686 694 2775 operandum
710 2677 819 2749 sacris
830 2676 909 2747 fuit.

130 2790 204 2862 Nec
221 2788 383 2880 publicos
397 2808 530 2871 mores,
556 2810 621 2855 nec
638 2807 732 2855 sacra
751 2781 889 2850 laedere

130 2892 227 2964 Ludi
244 2902 380 2985 queunt
394 2888 520 2962 nostri.
570 2886 660 2959 Nam
679 2909 754 2956 non
769 2879 998 2954 Comoediam

131 2992 348 3076 Iocularem,
372 3004 433 3062 aot
448 2990 622 3062 iuveniles
637 3011 795 3072 amores,
821 2986 960 3055 furtave

131 3095 356 3178 Puellarum,
382 3107 442 3164 aut
457 3094 692 3184 parasitorum
712 3088 875 3160 scurrilia

131 3194 213 3268 Hoc
230 3197 396 3266 adferunt
409 3197 518 3279 dicta,
546 3218 636 3288 quae
657 3191 808 3261 infirmis
824 3189 944 3258 solent

131 3299 267 3370 Nocere
285 3298 483 3380 mentibus,
509 3300 570 3365 sed
584 3298 707 3366 tetrica
721 3294 854 3376 fabula,

133 3399 396 3493 sententiisque
410 3399 535 3469 referta
552 3395 769 3487 gravissimis
785 3395 903 3478 datur,

132 3503 178 3573 ln
191 3528 261 3597 qna
277 3505 442 3573 fortunae
456 3501 572 3570 varias
586 3523 730 3570 cernere
745 3513 797 3570 est
812 3495 918 3579 vices,

133 3604 233 3695 Quae
248 3605 384 3695 magnis
402 3603 528 3694 opibus
551 3601 736 3685 invidens,
763 3612 931 3680 evertere,

131 3706 327 3797 Fastiginm
341 3708 385 3777 ad
401 3729 580 3775 summurn
595 3728 684 3797 qnos
698 3704 829 3783 evexit,
854 3699 954 3772 solet

131 3809 171 3881 si
193 3811 297 3902 quein
313 3810 456 3877 fortuna
470 3806 579 3891 fovit,
604 3805 775 3874 mollibus
790 3799 972 3882 hactenns,

129 3909 368 4003 Regnumque
383 3910 411 3978 si
429 3908 485 3978 coi
503 3931 622 3998 gerere
638 3906 857 4000 praeclarum
876 3900 976 3973 dedit

35 4014 38 4021 ’
132 4013 175 4083 ln
191 4013 323 4105 popolo
340 4007 437 4082 hooc
451 4025 595 4082 nostrae
615 4019 842 4079 commonent
858 3999 1081 4096 Tragoedias

129 4112 323 4208 Exempla,
350 4126 545 4207 suspectam
561 4114 725 4182 fortunae
739 4111 867 4179 ducere

128 4217 274 4302 Fidem,
302 4217 371 4287 ima
391 4215 538 4287 summis
552 4226 735 4285 momento
751 4224 865 4283 mutat
879 4209 962 4285 levi.

130 4319 240 4391 Proin
254 4323 367 4391 favete
386 4331 546 4403 nostrae,
572 4340 721 4412 quaeso,
744 4315 898 4401 fabulae,

129 4421 452 4515 Memorabilesque
467 4420 559 4493 vitae
572 4443 674 4490 casos
688 4418 836 4509 noscite,

130 4523 348 4612 Tragoedias
360 4517 469 4593 huius
482 4527 585 4594 autor
599 4537 652 4594 est
665 4520 892 4613 gravissimus

127 4623 336 4715 Euripides,
362 4624 463 4696 cuius
477 4624 516 4695 in
531 4624 707 4717 po'e'rnatis
721 4623 771 4694 ait

129 4721 285 4796 Oracnla
301 4740 371 4812 tot,
397 4740 483 4821 quot
496 4749 638 4813 versus,
663 4748 737 4796 esse
753 4722 908 4795 Tullios.

127 4825 235 4918 Quod
252 4829 282 4896 si
298 4830 515 4920 placeamus,
543 4830 637 4899 clare
655 4823 745 4896 mihi
759 4826 921 4919 plausum
940 4826 1032 4914 date.

127 4930 198 5002 Sed
215 4946 460 5022 argumentum
478 4932 605 5026 cupitis
619 4930 710 5002 scire
725 4930 877 5014 fabulae,

126 5033 168 5104 ld
186 5035 274 5104 dicit
288 5036 357 5103 iarn
372 5032 572 5133 Polydorus
589 5036 737 5106 emissus
751 5054 857 5123 specu

123 5133 310 5206 Profundo
325 5134 488 5225 Tartari,
511 5140 622 5210 fatum
638 5148 782 5233 questus
794 5155 910 5206 suurn.

123 5310 349 5325 ,ιιι-ηε*-

155 5402 185 5470 *l
203 5403 299 5472 atque]
317 5399 379 5458 llas.
391 5410 430 5457 et.

874 198 1201 303 calnomum
1250 203 1359 284 nro.
1386 205 1416 281 1.

1105 3844 1108 3850 ἢ
1198 3768 1265 3842 Νο.
1282 3767 1346 3840 48.

1178 375 1391 513 Q
1823 381 1893 480 (an.
1908 390 2007 459 1626.
2020 388 2161 472 vetat.)

1242 593 1272 647 ln
1291 593 1426 677 fferagine
1448 594 1549 649 Secerii
1570 606 1598 653 et
1614 595 1645 650 in
1665 614 1731 669 opp.
1748 596 1813 655 Bes.
1836 595 1870 654 T.
1883 595 1918 657 V,
1942 594 2045 671 pm.
2091 595 2170 669 Apri

1278 662 1406 718 vincent.
1426 684 1452 736 p.
1471 664 1527 720 tas.

1335 827 1513 924 nosque
1538 830 1580 897 a·
1610 824 1809 922 repostas
1834 800 2018 901 senem.
2047 838 2050 843 ·

1175 973 1315 1048 Salvete
1333 993 1545 1069 spectatores
1559 981 1818 1068 candidissimi,

1174 1075 1333 1149 Honoris
1349 1077 1420 1151 huc
1438 1084 1642 1177 quicunque
1659 1086 1774 1155 nostri
1791 1082 1923 1175 gratiae

1175 1178 1353 1268 Venistis,
1380 1197 1415 1253 et
1430 1186 1555 1256 favetis
1567 1187 1704 1258 artibus
1717 1187 1835 1275 honis,

1175 1280 1337 1373 Quarum
1365 1287 1637 1359 excolendarnm
1665 1286 1811 1386 modo¹)
1837 1307 1959 1371 cansa,
1995 1284 2156 1385 quicquid

1689 1405 1752 1477 ess,

1175 1486 1281 1574 Quod
1298 1513 1425 1580 operae
1434 1480 1465 1582 ²)
1487 1491 1654 1581 ponimus
1670 1492 1709 1563 in
1725 1489 1871 1585 agendis
1887 1482 2021 1563 fabulis

1174 1587 1368 1660 Somimus.
1419 1593 1468 1662 At
1489 1617 1534 1664 ne
1556 1586 1735 1667 detineam
1756 1618 1821 1666 vos
1842 1591 1995 1679 diutins,

1174 1688 1311 1765 Dicam.
1365 1689 1548 1788 Thyesten
1564 1698 1679 1767 actori
1695 1697 1850 1769 Senecae
1864 1716 2000 1782 surnus,

1174 1790 1221 1863 Et
1234 1795 1343 1887 impia
1359 1796 1510 1867 fratrum
1526 1800 1637 1885 facta,
1661 1800 1849 1893 tristesque
1862 1796 1979 1868 exitus

1173 1893 1436 1983 Recitabimus,
1462 1895 1498 1973 Ο
1515 1914 1688 1995 quantum
1704 1901 1854 1973 ambitio
1869 1898 1964 1992 parit
1984 1901 2079 1975 mali.

1174 1996 1232 2068 Sic
1248 2000 1348 2090 regni
1364 2002 1531 2073 scelerata
1543 2003 1720 2095 copiditas
1738 2003 1860 2074 omnia

1173 2097 1332 2172 Confusa
1348 2103 1425 2173 iura
1443 2118 1590 2175 naturae
1606 2106 1836 2190 contaminat,

1175 2201 1223 2274 Ut
1238 2204 1346 2275 frater
1362 2205 1490 2296 impias
1505 2207 1606 2281 fratri
1623 2209 1760 2279 inliciat
1773 2228 1912 2279 manns.

1173 2301 1330 2377 Proinde
1345 2312 1573 2399 spectandum
1590 2309 1792 2403 exemplum
1808 2311 1933 2381 damus
1948 2306 2052 2395 utile,

1173 2405 1264 2476 Nam
1281 2433 1425 2480 cernere
1440 2406 1506 2481 hac
1520 2413 1642 2485 licebit
1660 2414 1699 2483 in
1712 2411 1924 2502 Tragoedia,

1173 2506 1233 2577 Nil
1253 2534 1325 2581 esse
1342 2512 1443 2603 peius
1456 2514 1674 2597 ambitione,
1695 2538 1786 2609 quae
1799 2513 1919 2585 omnia

1172 2607 1325 2699 Divina,
1351 2609 1528 2696 humana,
1548 2616 1674 2710 iusque
1688 2632 1722 2688 et
1737 2642 1797 2687 vas
1816 2629 1953 2685 vertere
1968 2614 2071 2701 soles,
2188 2650 2197 2660 ·

1175 2711 1276 2802 Quae
1291 2716 1551 2790 florentissimis
1566 2720 1768 2814 quibusque
1783 2721 1857 2811 fere
1871 2716 1942 2789 tuit

1174 2812 1294 2888 Exitio
1314 2818 1536 2908 civitatibus,
1559 2847 1649 2915 quae
1669 2822 1823 2915 deniqne

1174 2916 1269 2990 Tum
1288 2921 1482 3012 plurimum
1501 2936 1622 3011 nocet,
1646 2949 1726 2995 curn
1744 2925 1785 2995 in
1802 2920 1933 3015 templa
1950 2918 2123 3014 irruperit.

1175 3019 1246 3092 Ubi
1261 3018 1329 3092 hnc
1344 3036 1500 3115 ternpore
1518 3048 1656 3096 saevam
1670 3038 1808 3096 exercet
1822 3021 2083 3119 Tyrannidem.

1116 3114 1123 3123 ’
1174 3117 1210 3192 Ο
1227 3121 1288 3192 Dii
1305 3148 1411 3218 quarn
1433 3126 1543 3196 tristis
1557 3122 1613 3197 his
1628 3128 1811 3220 impendet
1826 3126 1954 3208 exitus,

1174 3222 1349 3313 Quidum
1368 3242 1495 3318 parant
1509 3251 1656 3318 regnum
1675 3231 1763 3315 sibi,
1788 3252 1883 3299 sacra
1901 3226 2083 3319 polluunt
2184 3258 2193 3269 ·

1174 3325 1243 3397 Sed
1262 3352 1339 3398 ecee
1355 3329 1475 3421 prodit
1490 3328 1663 3402 Tantalos
1678 3327 1750 3403 hue
1766 3332 1811 3402 ab
1827 3329 1965 3414 inferis,

1175 3426 1208 3500 ls
1225 3430 1319 3502 dicet
1335 3445 1583 3522 argumentum
1601 3430 1709 3504 huius
1725 3431 1959 3524 Tragoediae.

2001 3642 2034 3651 .-
2054 3633 2147 3651 .---

1179 3639 1376 3651 *ι-
1383 3643 1601 3652 -ῄ--ι
1618 3644 1634 3651 σι
1640 3643 1921 3653 σ-σ-ιι..αια-··.--οι--
1927 3642 1985 3651 0-0...

1840 3775 1907 3855 (sn.
1924 3777 2021 3845 1⁶25.
2036 3772 2148 3851 vetto)
2186 3771 2190 3785 '

1183 3866 1351 3894 m
1851 3872 2130 3914 m

1241 3988 1265 4041 A
1287 3989 1323 4043 ud
1340 3986 1468 4042 vincent.
1509 4024 1517 4042 .
1534 3982 1593 4039 tm.
1616 4014 1652 4029 -·
1687 3984 1718 4038 ln
1740 3983 1877 4057 famgine
1892 3985 1996 4041 Secerii
2011 3999 2041 4042 et
2058 3988 2085 4044 in
2098 4002 2144 4057 οη·

1298 4058 1357 4112 ssil.
1373 4057 1418 4110 bic
1430 4003 1563 4127 prohgus
1576 4072 1633 4109 non
1649 4053 1763 4124 legitur,
1780 4054 1928 4127 sedatius,
1944 4074 2030 4140 quen
2047 4059 2143 4113 Vim·

1274 4127 1327 4180 tius
1343 4124 1525 4180 Melantbonis
1539 4122 1777 4209 epigrammatibus
1790 4142 1847 4179 non
1861 4125 1987 4184 inseruit.
2021 4126 2094 4183 fiand
2104 4123 2142 4178 A·

1274 4197 1317 4249 bie
1335 4214 1399 4250 vero
1419 4193 1500 4248 etiam
1520 4204 1636 4265 pertinet
1654 4193 1687 4247 sd
1708 4194 1821 4248 tertium
1835 4192 2002 4250 decennium
2014 4190 2141 4256 matta

1274 4282 1392 4337 enrnque
1405 4263 1450 4319 bie
1462 4263 1577 4319 caeteris
1587 4261 1767 4319 adiunximus.

1292 4422 1474 4519 Prologus
1499 4424 1542 4495 in
1566 4417 1830 4495 Phemionem
1859 4425 2047 4501 Termetii.
2172 4448 2180 4499 t

1171 4573 1282 4643 Vobis
1298 4570 1445 4642 salutern
1460 4585 1582 4641 noster
1597 4563 1656 4639 hic
1670 4581 1773 4660 optat
1788 4563 1945 4658 Chorus,

1169 4674 1244 4765 Qui
1260 4686 1355 4744 veste
1372 4673 1534 4766 quamvis
1551 4670 1688 4741 menica
1709 4671 1749 4741 in
1765 4666 1948 4745 theatrum
1965 4676 2062 4747 venit

1167 4776 1311 4847 Mentes
1332 4790 1469 4855 tamen,
1494 4796 1681 4864 moresque
1698 4786 1827 4854 castos,
1854 4788 1890 4846 et
1906 4776 1988 4869 pios
2111 4774 2115 4781 “
2182 4788 2184 4793 “

1167 4876 1331 4962 Retinet,
1357 4873 1542 4970 Deumque
1559 4876 1634 4945 vult
1648 4875 1735 4946 iocis
1749 4889 1784 4947 et
1799 4876 1905 4947 seriis

1168 4978 1320 5067 Adesse,
1346 5003 1452 5075 quem
1471 5002 1674 5069 precamur,
1698 4991 1738 5048 nt
1755 5001 1821 5049 nos
1837 4994 2012 5075 protegat,

1166 5082 1360 5178 Servetque
1376 5080 1569 5153 literarium
1582 5076 1866 5173 Rempoblicsm.

1202 5318 1233 5377 1)
1250 5314 1352 5376 mode]
1365 5306 1514 5363 nonhabet
1530 5308 1593 5364 Bas·

1198 5399 1230 5463 ἵ)
1249 5397 1312 5454 Bas.
1328 5396 1391 5452 Hos
1402 5411 1509 5464 operae
1522 5398 1605 5466 qood.
