4546 5760
89 135 192 213 toxo
300 144 304 154 '
586 129 896 228 auuooula
924 131 1002 210 ΕΤ
1033 132 1264 213 nortus
1293 132 1642 215 CONCIONES·
2032 147 2133 225 1014

85 333 196 394 num,
222 320 264 379 ut
279 306 325 378 sit
336 306 542 391 assiduitas,
566 319 602 378 et
616 321 865 400 proponantur
876 310 992 390 utilia,
1018 332 1084 380 nee
1134 323 1270 380 matum
1302 311 1500 402 praestigiis
1523 310 1784 400 defenduntur,
1815 318 2035 390 consuetudo
2059 318 2128 392 So-

86 415 235 501 longum
265 424 404 501 tempus
428 410 468 478 in
491 410 656 479 materias
679 412 846 498 inutiles,
875 427 936 483 aut
959 414 1083 482 inanes
1133 408 1320 503 phistiees,
1343 428 1463 504 postea
1480 414 1689 503 religiones,
1716 429 1749 485 et
1766 419 2126 506 gravissimarumre-

86 511 333 584 cavillationes
362 512 494 606 quibus
522 512 634 605 aliqui
662 513 807 603 ingenia
827 527 1003 586 ostentare
1023 538 1083 584 so-
1132 539 1214 583 rum
1245 516 1520 587 deliberationes
1550 518 1691 603 turbat,
1726 518 1799 588 imo
1828 535 1862 590 et
1892 524 2058 613 privatim
2085 523 2125 594 in

85 617 182 699 lent,
209 614 413 688 collocetur.
464 612 578 704 Saepe
601 616 802 704 cogitentur
821 630 857 687 et
877 642 897 686 a
919 618 1081 688 docenti·
1132 618 1311 687 mentibus
1338 620 1406 687 ciet
1435 641 1581 708 magnos
1605 618 1798 706 tumultus,
1831 646 1959 718 easque
1982 627 2124 696 taudem

15 728 21 735 “
84 719 154 787 bus
177 730 213 787 et
238 740 258 784 a
281 717 499 787 discentibus
518 710 605 785 haec
620 718 733 799 dicta,
759 743 912 812 quorum
929 720 1080 791 alterurn
1131 715 1344 812 Ppmhoniis
1367 720 1655 792 dubitationibus
1677 723 1723 793 de
1746 724 1951 814 relligione,
1987 741 2021 796 et
2044 727 2124 794 aliis

85 818 240 890 Senecae
275 832 343 889 est:
395 817 597 888 Necessaria
626 820 851 909 ignoramus,
891 823 1079 914 quianon
1130 822 1253 893 multis
1275 823 1381 892 rebus
1401 823 1572 915 implicat.
1625 821 1854 915 Experientia
1876 830 1980 896 etiarn
2002 836 2123 893 osten·

85 920 280 990 necessaria
301 921 492 990 didicimus
499 945 509 1005 ;
536 921 686 992 alterum
703 946 790 992 vero
806 922 989 994 Isocratis:
1016 946 1080 997 oo·
1131 923 1184 994 dit
1205 947 1331 1015 pravas
1351 948 1426 995 esse
1448 939 1593 996 naturas
1615 936 1649 996 et
1670 927 1869 1006 seditiosas,
1895 948 1986 1018 quae
2001 937 2122 994 amant

84 1017 183 1115 φοὺς
208 1017 338 1114 νομίζε
366 1017 419 1116 μὴ
440 1017 529 1102 τοὺς
548 1019 713 1117 ἀκριβῶς
733 1021 816 1120 περὶ
838 1029 985 1120 μικρῶν
1005 1024 1079 1120 loc·
1130 1026 1301 1095 absurdas
1323 1040 1358 1097 et
1374 1041 1591 1098 monstrosas
1607 1029 1812 1118 opiniones,
1838 1040 1872 1097 et
1887 1027 2018 1097 artium
2035 1051 2123 1096 con-

87 1120 233 1211 ζὲονας,
275 1120 368 1196 ἀλλὰ
396 1119 484 1205 τούς
512 1122 553 1195 ἐν
584 1121 775 1222 περὶτῶν
802 1121 993 1226 μεγίστων
1022 1125 1079 1199 le‘·
1129 1129 1361 1199 turbationes.
1413 1126 1549 1222 Estque
1570 1130 1792 1199 verissimum
1818 1131 1916 1220 quod
1939 1128 2029 1198 dixit
2044 1124 2121 1199 Eu·

1130 1230 1279 1321 ripides:
1303 1224 1442 1301 ἐσθλὸν
1467 1226 1510 1301 τὸ
1534 1228 1661 1324 σαφές.

1230 1346 1314 1418 Ideo
1335 1372 1418 1417 vera
1442 1362 1476 1418 et
1494 1360 1587 1417 recta
1602 1358 1860 1438 proponantur.
1912 1345 1985 1417 Nec
2000 1347 2121 1417 existi-

1128 1451 1300 1520 mandum
1324 1463 1377 1520 est
1398 1451 1476 1518 leve
1496 1448 1700 1517 exercitium
1727 1447 1861 1533 ingenii
1877 1471 1968 1533 esse,
1992 1450 2122 1519 confir-
2174 1527 2178 1533 ⁴

1128 1575 1226 1621 mare
1252 1575 1333 1620 vera
1363 1564 1397 1621 et
1426 1551 1600 1640 explicare
1627 1549 1816 1621 contraria.
1869 1547 2007 1620 Multae
2038 1559 2122 1618 stant

1127 1653 1222 1722 enim
1246 1676 1392 1742 magnae
1415 1675 1538 1721 causae
1560 1652 1598 1718 in
1614 1649 1781 1719 omnibus
1799 1649 1958 1733 artibus,
1985 1651 2023 1716 in
2040 1649 2123 1742 qui·

1129 1756 1194 1821 her«
1218 1768 1340 1810 aanor«
1361 1752 1544 1813 veritatem
1560 1746 1673 1816 multa
1691 1748 1924 1837 plausibiliter
1942 1750 2123 1835 dicuntur,

1128 1867 1218 1936 quae
1236 1846 1389 1912 refutare
1405 1848 1523 1934 magni
1541 1861 1590 1917 est
1607 1849 1750 1918 artificis
1767 1851 1804 1917 in
1820 1874 1884 1920 suo
1900 1874 2038 1941 genere.

1228 1958 1307 2031 Hoc
1328 1962 1437 2050 igitur
1457 1965 1662 2035 exercitium
1687 1990 1864 2052 amemus,
1892 1992 1973 2038 vera
1990 1971 2120 2039 confir-

1127 2064 1249 2131 mandi
1271 2078 1305 2135 et
1329 2062 1517 2130 evolvendi
1534 2084 1576 2130 ex
1595 2061 1668 2130 illis
1686 2065 1883 2153 praestigiis
1898 2089 1989 2160 quac
2005 2092 2119 2160 oppo-

1126 2175 1273 2238 nuntur.

1225 2279 1346 2350 Liceat
1362 2280 1468 2351 etiam
1485 2279 1628 2351 Decano
1645 2294 1678 2351 et
1695 2281 1775 2350 aliis
1789 2281 1980 2355 lectoribus
1997 2307 2120 2355 aman·

1126 2394 1179 2452 ter
1201 2394 1235 2451 et
1259 2382 1454 2453 iuventutis
1478 2381 1692 2453 erudiendae
1708 2406 1811 2453 causa
1828 2384 2010 2469 interfari,
2037 2411 2118 2457 cum

1126 2484 1310 2575 responsio
1327 2485 1445 2578 aliqua
1460 2484 1633 2576 displicet,
1659 2497 1698 2554 ut
1713 2483 1753 2555 fit
1771 2483 2120 2573 inaliisAcademiis,

1129 2586 1191 2656 nbi
1216 2587 1255 2654 ea
1282 2600 1333 2657 est
1351 2587 1447 2656 inter
1461 2585 1627 2655 Lectores
1642 2587 1892 2658 benevolentia
1909 2603 2048 2674 mutua,
2074 2614 2120 2660 ne

1127 2688 1205 2781 quis
1221 2689 1420 2777 arrogantia
1432 2700 1493 2757 aut
1507 2680 1724 2783 φιλονεικία,
1741 2690 1796 2757 vel
1808 2688 2009 2781 interpellet
2019 2691 2118 2777 alios,

1127 2790 1182 2860 vel
1214 2790 1440 2883 interpellare
1471 2790 1709 2879 existimetur,
1742 2791 1800 2860 sed
1829 2805 1868 2863 ut
1891 2794 1929 2861 in
1952 2792 2117 2864 convivio

1126 2892 1301 2962 familiare
1333 2906 1367 2961 et
1398 2916 1505 2961 suave
1533 2890 1751 2984 colloquium
1773 2893 1867 2964 inter
1888 2893 2020 2964 amicos
2042 2916 2117 2966 ease

1127 2995 1280 3068 ducitur.
1333 2992 1405 3064 Nec
1426 2993 1584 3086 profecto
1607 2993 1681 3063 ulla
1706 3006 1755 3063 est
1778 2996 1919 3066 dulcior
1941 2995 2117 3068 cantilena

1126 3098 1241 3167 bonae
1263 3097 1395 3183 menti,
1426 3119 1531 3189 quam
1556 3096 1679 3166 audire
1699 3095 1795 3166 viros
1816 3099 2010 3190 sapientes,
2036 3122 2117 3190 gra·

1126 3220 1207 3282 ves,
1232 3198 1383 3284 amicos,
1407 3198 1566 3269 veritatis
1584 3210 1758 3283 amantes,
1785 3200 1923 3291 placide
1942 3223 2021 3272 suas
2038 3201 2117 3294 opi-

1127 3301 1252 3369 niones
1276 3302 1512 3384 conferentes,
1539 3313 1572 3369 et
1587 3300 1625 3367 in
1642 3299 1703 3369 tali
1717 3300 1907 3372 collatione
1923 3301 2118 3388 veritatem,

1126 3404 1181 3471 vel
1199 3403 1449 3492 investigantes
1465 3403 1520 3470 vcl
1537 3402 1763 3473 illustrantes.
1793 3420 1798 3437 “

1228 3518 1430 3604 Postremo,
1462 3519 1492 3588 si
1523 3519 1603 3612 quis
1636 3520 1780 3589 confuse
1809 3517 1885 3587 sine
1914 3518 2117 3594 Dialecticis

1127 3623 1270 3705 formis,
1303 3637 1363 3692 aut
1396 3616 1651 3693 stomachosius
1682 3621 1816 3690 rixatur
1839 3620 1976 3711 potius,
2010 3648 2116 3718 quam

1126 3725 1300 3815 disputat,
1326 3737 1388 3794 ant
1408 3725 1511 3792 etiam
1531 3722 1767 3809 conviciatur,
1794 3722 1888 3793 dicat
1905 3723 1935 3792 ei
1954 3722 2116 3798 Decanus

1127 3830 1221 3921 qnod
1237 3825 1399 3898 Socrates
1412 3824 1563 3894 Menoni
1577 3827 1671 3915 apud
1689 3823 1872 3895 Platonem
1889 3819 2117 3924 dsinpotdca-

1126 3954 1194 4025 ρον
1215 3932 1292 4010 πῶς
1305 3922 1368 4000 καὶ
1384 3919 1708 4019 διαλεκτικώτερον
1725 3918 2006 4022 ἀποκρίνεσθαι.
2059 3929 2115 4004 Sit

1126 4032 1230 4102 etiam
1255 4031 1410 4100 monitor
1432 4029 1621 4100 lectoribus
1636 4028 1776 4123 linguae
1794 4028 1942 4114 latinae,
1966 4044 1999 4101 et
2014 4053 2115 4120 grae·

1125 4157 1205 4218 cae,
1230 4147 1264 4202 ct
1287 4132 1484 4202 dialectices
1508 4144 1549 4200 ut
1571 4144 1695 4199 curent
1714 4129 1843 4212 scribi,
1869 4131 2008 4201 recitari
2033 4134 2115 4206 lati·

85 1251 234 1323 porcos.

515 1384 538 1448 S
548 1409 593 1447 ex
600 1403 613 1447 t
621 1407 648 1451 a.

188 1512 278 1584 Cum
303 1511 566 1583 Illustrissimus
587 1513 757 1604 Princeps
779 1506 971 1584 Iohannes
985 1511 1077 1586 Fri-

84 1611 228 1685 dcricus
251 1613 332 1684 Dux
356 1615 528 1686 Saxoniae
549 1612 713 1700 Elector,
738 1614 985 1707 Landgravius
999 1618 1078 1690 Tu·

83 1718 238 1806 ringiae,
264 1712 428 1785 Marcbio
450 1716 605 1813 Mysiae,
632 1733 667 1788 ct
681 1715 920 1807 Burggravius
936 1718 1076 1790 Meide-

85 1819 289 1909 bnrgensis‚
338 1817 396 1907 pio
434 1820 603 1895 consilio,
653 1821 829 1900 stipendia
863 1823 1076 1902 pauperibus

85 1916 313 1992 Scholasticis
328 1936 411 1986 suae
424 1915 571 1985 ditionis
585 1911 725 1981 circiter
739 1911 971 2001 quadraginta
988 1937 1075 1981 con·

86 2023 259 2106 stituerit,
283 2036 317 2091 et
342 2019 427 2087 velit
451 2014 643 2110 quotannis
665 2008 791 2079 eoruni
810 2013 926 2082 studia
942 2014 998 2079 bis
1015 2035 1075 2079 ex·

85 2125 241 2218 plorari‚
276 2122 449 2214 pertineat
479 2144 517 2187 ea
548 2134 601 2179 res
630 2113 674 2179 ad
696 2107 832 2182 Decani
861 2135 1001 2196 curam,
1034 2125 1073 2182 ut

84 2228 324 2295 adolescentes
338 2210 677 2291 mandatoReetoris
692 2225 941 2296 convocentur,
968 2213 1073 2282 etad-

84 2328 216 2398 iunctis
229 2327 365 2417 aliquot
379 2339 420 2384 ex
434 2311 615 2405 Collegio,
641 2313 772 2405 praesit
787 2314 862 2404 ipse
878 2313 1043 2389 examini.

185 2440 276 2513 Cum
299 2433 393 2504 enim
413 2432 600 2524 praecipue
615 2427 855 2502 Ecclesiarum
870 2454 973 2502 causa
988 2428 1075 2504 haec

83 2540 252 2612 beneficia
274 2536 492 2629 pauperibus
510 2534 702 2605 constituta
716 2531 808 2619 sint,
830 2557 904 2602 non
922 2547 975 2604 est
988 2559 1074 2605 con-

84 2644 281 2713 cedendum
303 2654 342 2708 ut
359 2638 470 2707 ociosi
486 2638 680 2708 abutantur
695 2634 906 2706 liberalitate
922 2637 1075 2728 publica,

82 2747 142 2815 sed
168 2742 422 2834 perficiendum
437 2751 506 2824 est,
530 2751 571 2808 ut
585 2749 677 2806 recte
693 2750 727 2807 et
740 2737 868 2806 ordine
883 2736 1021 2809 discant
1034 2733 1073 2806 hi

83 2847 339 2928 adolescentes,
364 2857 405 2912 ut
426 2840 623 2910 doctrinam
637 2835 825 2928 Evangelii
846 2853 880 2909 et
903 2840 990 2909 alias
1008 2836 1074 2909 ho-

84 2962 201 3019 nestas
217 2961 308 3017 artes
322 2966 517 3037 propagare
530 2943 684 3033 possint,
710 2964 750 3011 ac
764 2943 994 3014 meminerint
1008 2943 1075 3036 ipsi

83 3052 321 3122 adolescentes
337 3041 653 3137 saepeApostolica
668 3067 753 3112 voce
769 3043 986 3136 vituperatos
1002 3068 1076 3115 esse

84 3177 142 3223 eos
164 3151 224 3244 qui
245 3146 438 3219 Ecclesiam
462 3148 694 3236 defraudant,
720 3158 756 3215 et
776 3145 935 3235 neglecto
959 3147 1075 3216 olfacio

82 3253 271 3346 stipendiis
285 3253 467 3322 fruuntur.

185 3370 233 3442 Et
253 3367 291 3439 hi
314 3370 552 3440 adolescentes
573 3390 648 3434 non
670 3379 808 3436 tantum
829 3366 867 3434 in
886 3363 1075 3436 Gramma·

84 3478 173 3560 tica,
201 3489 235 3544 et
255 3473 435 3543 elementis
450 3463 703 3559 Philosophiae
724 3468 988 3552 examinentur,
1014 3471 1073 3539 sed

85 3579 191 3648 etiam
214 3577 251 3644 in
274 3575 435 3646 doctrina
452 3568 647 3649 Ecclesiae,
674 3570 861 3662 praecipue
882 3570 976 3638 enim
994 3570 1074 3640 ideo

84 3677 172 3749 haec
195 3678 364 3748 beneficia
383 3676 547 3767 princeps
563 3672 732 3761 largitur,
760 3696 804 3740 ne
819 3672 935 3743 desint
949 3675 994 3740 ad
1009 3698 1075 3764 po-

84 3782 275 3851 steritatem
295 3775 456 3849 homines
474 3774 593 3845 idonei
608 3775 651 3843 ad
670 3775 847 3844 docendas
861 3769 1048 3877 Ecclesias.
1068 3767 1072 3776 ’

281 4020 286 4035 .
489 3933 672 4018 Septima.

186 4068 350 4140 Decanus
374 4080 489 4151 curet,
515 4079 555 4136 ut
576 4065 704 4135 ordine
725 4063 884 4152 magistri
907 4062 1074 4154 adscripti
1103 4099 1111 4113 =

84 4176 123 4242 in
150 4169 347 4260 Collegium
375 4170 565 4261 disputent.
634 4165 688 4236 Ac
716 4166 923 4258 priusquam
952 4167 1074 4257 dispu-

85 4274 172 4346 tatio
189 4273 330 4367 publicc
345 4270 571 4363 proponitur,
597 4267 739 4340 Decano
754 4281 986 4352 monstretur,
1011 4293 1074 4362 qur

52 4449 60 4460 ,
85 4402 159 4447 non
183 4377 351 4446 concedat
372 4373 525 4464 proponi
551 4371 714 4442 materias
738 4371 926 4454 absurdas,
959 4370 1075 4454 falsas,
1201 4375 1203 4379 ’

86 4481 221 4551 inanes.
273 4476 343 4547 Sed
361 4475 480 4545 iubeat
495 4497 595 4543 veras
609 4486 641 4544 et
656 4473 857 4564 profuturas
873 4472 965 4544 vitae
981 4472 1074 4561 eligi,

86 4582 182 4674 quod
214 4594 359 4671 propter
386 4578 515 4647 multas
539 4598 659 4646 causas
680 4574 768 4644 utile
790 4587 852 4644 est.
910 4572 1071 4644 Primum

85 4684 180 4752 enim
204 4681 369 4751 conducit
395 4679 502 4748 inseri
525 4700 625 4746 veras
641 4689 673 4746 et
690 4676 802 4746 bonas
817 4676 1004 4768 opiniones
1021 4688 1073 4747 te·

86 4785 182 4854 neris
207 4783 397 4854 mentibus.
448 4779 589 4851 Deinde
610 4781 653 4849 ad
671 4801 827 4848 amorem
843 4779 1001 4849 veritatis
1018 4800 1073 4846 as-

1064 4267 1072 4285 ·
1126 4260 1187 4305 nas
1201 4236 1492 4313 declamationes,
1518 4246 1551 4302 et
1566 4247 1771 4323 argumenta
1788 4232 1869 4322 eligi
1888 4227 2048 4307 honesta.

1539 4439 1701 4505 Octava.

1225 4572 1280 4647 De
1299 4575 1466 4665 gradibus
1482 4585 1641 4644 servetur
1657 4574 1893 4657 consuetudo,
1916 4574 1999 4667 quia
2015 4598 2112 4647 com-

1125 4677 1280 4768 perimus
1300 4677 1426 4747 studiis
1447 4677 1620 4767 profuisse
1640 4686 1675 4743 et
1696 4675 1860 4765 prodesse
1876 4677 2052 4763 examina,
2077 4692 2112 4749 et

1124 4804 1204 4851 cum
1229 4802 1266 4848 se
1294 4782 1338 4848 ad
1366 4781 1495 4868 gradus
1517 4790 1726 4868 praeparant
1748 4776 1912 4861 iuvenes,
1941 4802 1997 4847 res
2019 4781 2111 4868 cogit

86 4885 223 4956 suefieri
255 4887 494 4968 iuventutem,
535 4882 648 4951 multo
679 4881 806 4950 melius
839 4894 890 4951 est
918 4877 1073 4972 Reipub.
1124 4905 1183 4953 eos
1212 4882 1315 4950 certis
1338 4881 1472 4950 artibus
1496 4878 1700 4964 immorari,
1731 4880 1826 4971 quod
1846 4892 1885 4947 ut
1909 4880 2018 4968 magis
2040 4880 2110 4961 fiat,

86 5013 192 5080 quam
216 4990 259 5056 ad
285 4987 442 5056 studium
467 4983 681 5055 defendendi
704 4983 898 5074 paradoxa,
923 4996 958 5053 et
977 4983 1074 5052 labe·
1123 4984 1236 5053 sciant
1250 4983 1399 5053 studiosi
1415 5005 1480 5050 nos
1497 4981 1657 5053 examina
1672 5004 1745 5049 non
1762 4982 1799 5049 iu
1816 4981 2111 5066 cavillationibus,

84 5089 240 5160 lactandi
263 5109 467 5158 communes
490 5101 524 5156 et
547 5080 712 5155 honestas
734 5086 942 5171 sententias,
977 5109 1074 5152 com·
1123 5101 1184 5156 aut
1203 5085 1329 5154 ociosis
1352 5083 1619 5177 quaestionibus
1642 5098 1911 5173 consumpturos
1935 5105 2024 5163 esse,
2049 5087 2109 5152 sed

85 5193 250 5284 probatas
274 5192 365 5259 veris
389 5190 530 5260 iudiciis
550 5187 779 5278 sapientium,
807 5201 841 5257 et
865 5185 1073 5280 quiaPara-
1124 5190 1162 5256 in
1186 5188 1382 5280 praecipuis
1405 5185 1535 5254 artium
1557 5183 1732 5268 materiis,
1765 5184 1803 5250 in
1824 5181 2044 5268 Dialecticis‚
2078 5199 2113 5254 et

87 5297 176 5364 doxa
201 5317 276 5363 non
298 5292 390 5362 veris
412 5289 648 5382 argumentis,
677 5292 736 5360 sed
762 5304 901 5361 tantum
923 5284 1073 5381 Sophis-
1122 5286 1302 5385 Physicis,
1328 5282 1581 5374 Aritbmetica,
1606 5281 1777 5370 Euclide,
1800 5281 1970 5376 Sphaera,
1991 5282 2114 5358 Theo-

1401 5383 1484 5460 64*

1970 5482 1980 5518 Ι
