4546 5760
66 262 69 266 Α
111 171 195 248 ser·
596 158 1002 278 sccooutssr
1036 160 1656 247 snnvascouctoxns.
2069 170 2139 255 ses

36 318 41 330 ¹
115 349 193 414 mos
209 339 390 433 publicus,
416 338 474 409 cni
491 336 684 430 plurimum
705 335 894 419 debemus,
919 357 1106 407 conserve-
1169 335 1237 410 No.
1255 336 1314 411 13.
1938 356 2010 415 aa..
2024 348 2113 414 15³⁴.

117 462 187 518 tur.
239 441 347 513 Nunc
376 439 559 510 afferimus
585 431 867 530 philosophicam
895 438 1107 532 disputatio·
1170 434 1343 468 Ἃ
1925 440 2135 477 “³⁶’‘
2176 510 2178 519 ,

116 571 217 630 nem,
243 565 333 638 quae
354 542 459 612 etiam
480 541 633 610 formare
655 553 690 609 et
702 562 827 609 acuere
842 537 974 610 iudicia
989 542 1035 623 de
1051 564 1108 611 re.-
1226 553 1248 620 †
1266 548 1301 602 s.
1315 547 1498 606 thttaaats
1508 568 1592 604 mnu
1606 549 1713 661 sebrtptts
1726 549 1921 616 sapam
1930 548 1961 604 i·
1975 546 2046 605 bibl·
2060 547 2133 607 ⁶⁰¹5·

117 651 182 719 hus
200 668 275 715 non
292 642 560 739 contemnendis
576 641 717 735 poterit.
767 639 858 712 Nam
875 640 1012 712 indocti
1026 640 1107 736 qni·
1261 617 1523 675 ‘⁰l·¹⁰¹·¹¹⁰·²⁴⁰·
1539 636 1569 691 Ρ·
1585 617 1651 675 ⁷⁸·
1734 720 1748 743 κ

115 752 197 819 dam
220 746 309 817 falso
334 743 516 835 religionis
540 755 722 835 praetextu
751 742 880 834 passim
904 742 1109 833 vituperant
1157 795 1247 868 ‘ma
1326 792 1474 892 aemio
1514 801 1557 869 ιη
1596 764 1895 890 &mamm
1937 791 1989 869 ὼ
2022 801 2132 877 Μ

115 841 391 941 philosophiam.
436 842 617 914 Adversus
633 844 719 917 tales
734 845 903 913 fanaticas
918 843 1107 936 opiniones
1278 820 1325 892 ΡΥ
1580 899 1618 971 Μ
1671 872 1673 877 ⁴
1752 901 1792 969 Φ
1826 900 1880 970 Μ

117 971 329 1039 magnopere
354 947 498 1038 prodest
519 945 659 1015 munire
682 944 819 1015 animos
834 945 927 1014 veris
942 960 976 1018 et
997 946 1107 1014 lirmis
1417 921 1485 993 Ψ
1508 920 1577 970 ⁰⁶⁰
1619 922 1700 973 ‘m‘
1794 949 1802 966 '
1876 951 1886 971 ⁶

117 1050 327 1122 rationibus.
376 1045 468 1116 Nam
491 1047 649 1137 vulgaria
671 1059 897 1137 argumenta,
924 1071 1015 1140 qnae
1033 1070 1108 1116 non
1158 1033 1349 1134 Principio
1372 1060 1453 1137 peto
1480 1068 1501 1115 a
1527 1047 1649 1132 vohis,
1681 1046 1966 1132 commilitones,
1992 1062 2035 1120 ut
2061 1049 2131 1119 honi

118 1146 318 1222 monstrant
338 1172 458 1219 rerum
479 1149 614 1232 fontes,
637 1149 739 1217 facile
753 1149 979 1218 exctttinntur
992 1143 1110 1218 homi·
1160 1145 1373 1227 consulatis,
1400 1147 1428 1216 si
1445 1171 1519 1217 non
1536 1148 1619 1217 satis
1635 1148 1756 1218 dextre
1773 1149 1923 1219 videbor
1940 1145 2037 1220 hanc
2062 1175 2131 1241 pro·

119 1254 236 1326 nibus.
296 1248 394 1338 Quid
428 1262 544 1319 autem
580 1251 624 1318 de
657 1250 828 1339 dignitate
863 1244 1109 1342 philosophiae
1160 1248 1331 1328 vinciam,
1352 1273 1458 1341 quam
1478 1248 1634 1341 suscepi,
1652 1250 1911 1324 administrare.
1946 1249 2024 1322 Nos
2039 1253 2133 1336 enim,

118 1354 235 1446 aptius
258 1364 291 1422 et
316 1349 458 1440 gravius
482 1350 552 1419 dici
573 1363 707 1442 potest,
740 1374 847 1444 quam
871 1353 968 1445 quod
992 1352 1029 1419 in
1053 1345 1110 1418 his
1160 1351 1221 1444 qni
1238 1343 1297 1418 hic
1312 1349 1562 1440 producimur,
1587 1351 1698 1439 magis
1720 1352 1963 1422 obedientiam
1988 1368 2133 1423 nostran

119 1452 422 1548 propositionibus
437 1451 593 1522 breviter
606 1451 813 1544 posuimus?
844 1448 1062 1523 Addidimns
1076 1462 1111 1521 et
1160 1466 1194 1523 et
1209 1451 1365 1520 studium
1383 1451 1526 1542 probari
1543 1452 1707 1523 volumus
1721 1454 2028 1544 praeceptoribus,
2041 1477 2133 1550 quam
2164 1542 2167 1547 ἱ

120 1571 294 1627 sectarum
315 1551 589 1637 controversias,
614 1577 764 1644 quarum
783 1554 967 1644 explicatio
988 1552 1111 1623 multi·
1163 1575 1311 1623 acumen
1335 1565 1368 1621 ct
1392 1553 1604 1624 doctrinam.
1662 1553 1800 1626 Videtis
1830 1569 1951 1625 antem
1974 1551 2037 1626 hic
2063 1581 2135 1648 pro·

120 1658 228 1748 plices
243 1650 349 1725 babet
364 1654 534 1724 utilitates
551 1668 584 1723 et
600 1668 692 1724 certe
707 1652 862 1744 cognitio
875 1654 1032 1726 liberalis
1047 1667 1110 1724 est.
1164 1653 1247 1745 poni
1266 1676 1404 1723 carrsam
1422 1654 1691 1745 amplissimam,
1716 1679 1807 1747 quae
1828 1657 2002 1727 omnibns
2024 1659 2136 1728 seculis

120 1759 206 1830 Peto
230 1758 356 1847 igitur,
381 1770 421 1825 ut
442 1759 584 1825 eumad
608 1751 699 1826 hanc
713 1756 1008 1848 disputationem,
1033 1766 1111 1824 tum
1163 1755 1319 1826 exercuit
1343 1778 1416 1823 non
1439 1756 1555 1824 solum
1579 1770 1719 1825 nostros
1743 1751 1907 1826 homines
1928 1758 2067 1850 peritos
2080 1762 2135 1828 do·

119 1862 164 1932 ad
182 1859 270 1930 alias
293 1882 358 1950 pro
376 1869 490 1926 vestra
513 1851 732 1927 humanitate
753 1856 1112 1946 henigncconseratis
1164 1856 1300 1927 ctrinae
1324 1851 1556 1941 christianae,
1590 1860 1648 1928 s'ed
1682 1859 1787 1927 etiam
1813 1870 1971 1929 veteres·
1988 1856 2137 1949 philoso-

120 1985 281 2052 operam;
315 1956 443 2028 deinde
466 1958 615 2029 utboni
639 1958 847 2043 consulatis,
877 1958 1015 2038 sinos,
1049 1954 1113 2050 qui
1164 1953 1265 2051 phos.
1317 1955 1473 2028 Maxima
1490 1958 1587 2027 enim
1603 1960 1842 2029 controversia
1856 1961 1909 2030 es’t
1920 1959 2057 2032 Stoicis
2070 1986 2140 2032 cum

120 2058 188 2134 hoc
203 2062 281 2130 loco
297 2059 569 2152 respondemus,
594 2084 781 2151 personam
795 2073 951 2130 nostram
967 2082 1041 2128 non
1056 2081 1113 2125 sa·
1165 2059 1245 2128 aliis
1263 2057 1364 2126 sectis
1387 2058 1519 2129 delato
1538 2072 1572 2130 et
1595 2061 1640 2129 de
1658 2061 1876 2136 necessitate.
1929 2061 2138 2158 Quanquam

122 2165 168 2233 tis
183 2164 303 2231 dextre
319 2161 412 2231 tueri
428 2159 640 2231 videbimur.
691 2160 807 2232 Totus
823 2161 917 2231 enim
933 2153 992 2230 hic
1008 2161 1114 2230 ludus
1163 2173 1279 2231 autem
1294 2154 1454 2245 hocloco
1469 2183 1525 2230 res
1540 2175 1636 2233 tanta
1644 2186 1721 2231 non
1737 2162 1820 2233 satis
1837 2163 2009 2254 explicari
2025 2179 2139 2257 potest,

123 2288 196 2333 non
222 2265 265 2332 ad
292 2262 425 2352 ingenii
445 2264 735 2347 ostentationem,
759 2264 821 2332 sed
836 2265 879 2333 ad
899 2247 1114 2347 exercitiixm,
1164 2275 1283 2352 tamen
1307 2262 1450 2350 prodest
1465 2264 1592 2332 audire
1609 2277 1787 2333 tantarum
1802 2288 1923 2334 rerum
1938 2268 2079 2358 capita,
2099 2290 2138 2336 ne

101 2378 200 2456 =quo'
228 2364 381 2433 maxime
412 2387 502 2455 opus
536 2378 587 2435 est
620 2363 805 2450 studiosis,
844 2364 1113 2435 institutus'est.
1164 2384 1308 2454 prorsus
1331 2363 1570 2435 rudesfsimus
1590 2361 1717 2434 harum
1742 2365 2043 2456 disputationum.
2097 2364 2138 2437 Et

120 2463 216 2538 Dixi.
908 2513 911 2527 .
1000 2528 1003 2533 ,
1163 2464 1322 2556 prolecto
1358 2462 1542 2550 conducit,
1583 2469 1775 2536 admonere
1808 2467 2009 2553 studiosos,
2044 2483 2085 2541 ut
2105 2469 2137 2538 in

416 2557 435 2569 ⁴
1165 2589 1322 2649 summa,
1348 2558 1683 2660 quidsentiendum
1704 2568 1767 2650 sit,
1793 2582 1955 2655 teneant,
1981 2584 2024 2641 ut
2048 2594 2138 2664 prse-

131 2703 1115 2723 ---.---—-—-·-—---------—-—-
1167 2665 1378 2738 muniantur
1399 2669 1567 2737 adversus
1589 2669 1728 2761 ineptos
1751 2663 1981 2761 quorundsim
2005 2672 2139 2764 opinio-

220 2775 223 2779 ’
1166 2792 1246 2852 nes,
1269 2793 1359 2860 quae
1378 2769 1542 2857 religioni
1564 2784 1597 2840 et
1615 2771 1767 2862 publicis
1785 2773 1948 2843 moribus
1971 2774 2139 2865 periculo-

135 2865 202 2936 No.
222 2866 281 2936 ts.
922 2866 984 2950 (asra¹
1003 2869 1115 2947 1534.)
1164 2894 1222 2939 sae
1238 2884 1353 2938 sunt.
1382 2865 1472 2939 Cum
1489 2885 1606 2942 antem
1628 2872 1797 2940 maximas
1815 2873 1991 2945 utilitates
2012 2877 2139 2948 auferre

937 2958 1108 2989 Μ
1164 2971 1306 3040 soleatis
1324 2967 1379 3039 his
1396 2973 1573 3058 materiis,
1590 2996 1678 3067 qnae
1695 2969 1753 3042 hic
1768 2989 2038 3064 proponuntur,
2060 3002 2139 3048 con·

191 3071 213 3141 †
233 3071 269 3124 tn
280 3070 461 3136 Miscettanat·
474 3089 559 3128 anano
572 3074 683 3148 seriptis
697 3075 840 3143 Steptaaat
850 3076 939 3130 steort
949 3079 978 3129 tn
992 3071 1115 3130 sisttota
1167 3073 1361 3153 veniebat„
1378 3095 1440 3142 vos
1454 3080 1497 3142 ad
1516 3076 1768 3164 disputandum
1785 3077 1949 3147 conterre
1964 3079 2138 3174 aliquanto

228 3141 642 3216 o.a..m.a..ao.,.a.
821 3174 826 3180 ·
1060 3228 1062 3233 ,
1169 3173 1250 3264 pne
1273 3197 1421 3266 operta,
1455 3198 1500 3244 ne
1533 3177 1632 3246 vost.
1665 3176 1744 3294 ipsi·
1765 3170 1887 3248 sessa
1920 3180 2139 3302 virosam.

61 3309 65 3315 ‘
148 3312 350 3412 ΜΜ
482 3315 784 3493 ΜΨ
812 3317 1089 3418 Ψ
1164 3264 1404 3368 N
1456 3373 2139 3476 Ε

1165 3492 1322 3566 ceptores
1344 3493 1379 3548 et
1402 3479 1536 3551 levaret
1566 3480 1616 3550 eis
1644 3480 1841 3552 molestiam
1871 3478 1982 3557 huius
2007 3485 2138 3558 laboris.

124 3551 223 3638 Cum
235 3565 352 3635 omnis
367 3565 567 3638 exercitatio
582 3569 726 3640 dicendi
741 3593 885 3662 magnos
898 3570 1000 3642 affert
1013 3573 1114 3644 utili·
1163 3577 1257 3648 Disi.
1322 3642 1327 3647 .

124 3680 230 3748 tates,
265 3681 341 3736 tum
367 3663 453 3738 haec
483 3671 573 3739 ratio
596 3672 802 3764 disputandi
824 3673 989 3765 inprimis
1018 3676 1113 3746 acuit

125 3767 373 3851 adolescentes,
397 3769 436 3836 in
451 3793 519 3862 qna
534 3771 663 3843 diserte
676 3776 908 3845 ostendantur
921 3799 1109 3866 argumen-
1169 3825 2137 3863 Μ--Μ--ή--ῳ-

125 3884 245 3940 torum
270 3881 403 3958 partes,
434 3885 471 3940 et
494 3887 727 3960 monstratur,
758 3875 883 3968 inqua
905 3879 1111 3968 pastoritia
1593 3934 1595 3939 ,

127 3970 211 4042 sint.
262 3969 446 4059 Quantum
479 3987 597 4043 autem
628 3975 718 4045 lucis
748 3976 925 4068 accipiant
951 4002 1113 4068 magnae,
1173 4004 1241 4075 No.
1262 4003 1319 4076 14,
1426 4028 1429 4032 >
1938 4017 2138 4100 (2152)

48 4120 53 4145 .
77 4127 79 4131 ,
127 4074 296 4149 obscurae
311 4085 344 4140 et
356 4071 538 4144 intricatae
554 4099 677 4147 causae
688 4101 729 4146 ex
742 4072 807 4148 hac
820 4079 944 4149 subtili
958 4083 1111 4171 partium
1168 4100 1340 4130 W
1929 4107 2137 4152 *m

19 4208 22 4213 ·
125 4172 263 4267 analysi
286 4185 390 4264 atque
413 4176 663 4266 explicatione,
692 4180 794 4250 lacile
817 4179 967 4251 iudicari
988 4197 1112 4274 potest.
1230 4216 1312 4286 pfl,
1344 4214 1483 4278 Statuas
1501 4216 1590 4272 fleas·
1615 4216 1797 4274 Miseattsnat·
1822 4226 1885 4274 „a
1911 4216 1942 4272 ἱ.
1975 4221 2046 4279 bist.
2066 4220 2138 4279 Gan

127 4269 242 4343 Plato
259 4298 340 4342 vere
354 4290 389 4346 et
408 4278 561 4365 graviter
577 4280 683 4365 dixit,
707 4276 799 4350 hanc
816 4282 909 4352 viam
925 4297 1030 4376 atque
1055 4310 1112 4354 ra·
1268 4305 1315 4339 ¹¹⁰·
1327 4288 1388 4339 ²4⁰.
1405 4287 1588 4360 1³0¹·t³·⁵⁹¹’·
1709 4349 1719 4361 .

127 4375 264 4447 tionem
293 4374 415 4445 lumen
445 4392 549 4472 atque
575 4382 754 4451 flammam
779 4405 851 4452 esse
874 4384 1046 4455 divinitus
1067 4389 1110 4456 ad
1267 4463 1276 4478 ,
1485 4465 1493 4482 ,
1804 4416 1855 4483 g,

127 4471 290 4546 homines
306 4478 521 4552 translatam.
557 4479 677 4569 Quare
695 4483 851 4555 libenter
863 4484 901 4554 in
918 4481 973 4554 his
989 4489 1112 4578 dispu-
1166 4462 1389 4534 Glallmm
1417 4471 1514 4534 ⁰⁰⁰⁰
1542 4473 1700 4536 ΜΨ
1725 4461 1953 4558 Pllllll’l’⁰
1981 4460 2096 4542 Mel·
2110 4462 2141 4564 ι)

81 4609 84 4615 ²
126 4577 323 4649 tationihus
339 4601 496 4650 exercere
511 4606 547 4651 se
563 4585 711 4653 studiosi
726 4588 857 4657 dehent
870 4602 903 4658 et
919 4588 1016 4659 illam
1033 4615 1114 4660 coe·

127 4680 251 4747 lestem
276 4677 454 4749 flammam
477 4686 697 4758 exsuscitare.
748 4685 835 4756 Vidi
854 4711 917 4779 ego
935 4707 1114 4784 quassatas

131 4793 227 4849 mota
246 4779 321 4848 face
339 4807 491 4852 crescere
514 4784 752 4870 flammas,·et
770 4812 891 4858 rursus
909 4793 1010 4861 nullo
1027 4818 1115 4862 con·

131 4880 283 4951 cutiente
307 4885 407 4952 mori.
463 4883 503 4953 ld
525 4888 680 4975 pmlecto
703 4890 831 4960 accidit
854 4908 887 4962 et
911 4894 947 4960 in
975 4889 1040 4964 hac
1065 4920 1113 4968 re.

131 4980 363 5071 Extinguitur
383 4979 451 5053 ltoc
471 4989 618 5058 coeleste
640 5015 791 5076 numen,
821 4992 890 5061 nisi
913 4996 1063 5084 agitetur
1081 5013 1116 5069 et

133 5083 335 5177 quaerendo
351 5109 391 5153 ac
408 5087 620 5176 disputando
634 5109 843 5167 exerceatur.
877 5094 999 5190 ltaque
1012 5123 1114 5190 spero

133 5209 196 5254 vos
217 5184 365 5256 istorum
387 5190 520 5273 studia,
551 5192 613 5283 qui
636 5187 694 5262 hic
717 5197 916 5288 disputant,
943 5223 1016 5268 non
1042 5225 1115 5270 esse
1200 5195 1232 5261 ⁸,
1251 5194 1356 5316 Scripta
1370 5204 1410 5248 est
1423 5194 1509 5250 oratio
1529 5194 1558 5248 in
1574 5214 1651 5250 usum
1665 5196 1800 5266 studiosi,
1819 5207 1849 5248 ut
1868 5201 1990 5257 nostine
2003 5202 2139 5278 Magistro·

130 5309 359 5375 reprensuros
401 5291 461 5356 sed
480 5292 591 5362 multo
608 5317 664 5362 ma
692 5296 700 5311 ·
801 5300 834 5368 b.
1033 5302 1041 5319 .
1069 5305 1077 5320 .
1234 5281 1296 5316 runs
1326 5264 1466 5346 theralium
1478 5263 1596 5328 artium,
1615 5275 1644 5318 ut
1660 5266 1781 5330 videtur,
1799 5267 1901 5338 gratiss
1920 5285 2016 5343 ageret
2035 5273 2138 5333 dodosi·

366 5344 376 5374 ’
668 5317 719 5384 3¹⁸
733 5322 798 5389 Pr⁰
825 5314 958 5371 “lum‘'
994 5299 1090 5374 Dm·
1235 5326 1464 5388 huselcademtae.
2069 5371 2079 5383 .

1166 4609 1261 4698 Cum
1289 4638 1532 4716 praeceptores
1549 4627 1661 4695 nostri
1686 4625 1895 4703 mandarint
1912 4623 2027 4716 mihi,
2051 4632 2142 4701 utin

1165 4719 1233 4794 ltoc
1259 4721 1510 4795 honestissimo
1534 4740 1638 4798 coetu
1660 4730 1705 4797 de
1739 4751 1850 4814 more
1874 4751 1980 4818 agam
2011 4734 2143 4822 gratias,

1164 4831 1319 4915 gaudeo,
1345 4824 1433 4896 mihi
1451 4852 1508 4897 eas
1525 4843 1639 4919 partes
1656 4833 1754 4899 datas
1769 4852 1862 4913 esse,
1887 4830 1929 4899 in
1947 4835 2081 4927 quibus
2097 4836 2142 4906 ol·

1165 4931 1282 4999 licium
1305 4930 1415 5019 magis
1439 4954 1545 5024 qnam
1566 4931 1771 5024 eloquentia
1794 4945 1989 5022 spectatur.
2043 4939 2142 5032 Spem
