4546 5760
183 172 259 247 295
543 164 798 243 SCRIPTA
836 165 910 243 At)
943 163 1137 244 VlTAM
1170 161 1246 239 ΕΤ
1279 158 1518 239 OBITUM
1551 156 1854 243 MEMNTH.
2149 162 2231 243 Μ

184 362 219 418 et
234 344 402 430 illustris,
426 356 468 413 ut
478 366 568 436 opus
589 350 664 415 non
684 344 732 415 sit
749 345 974 437 splendorem
992 342 1180 423 Orationis
1230 340 1464 427 Germaniae,
1502 338 1580 410 lmo
1612 340 1741 411 mundi
1763 343 1903 436 potius,
1934 342 1974 413 in
2000 338 2068 415 hac
2094 338 2230 415 vicinia

185 444 372 533 adhibere,
398 443 495 543 (Hoc
520 447 616 517 enim
633 448 732 518 aliud
752 470 827 517 non
843 462 951 536 esset,
977 474 1085 545 quam
1102 450 1181 522 Soli
1233 458 1353 515 ortum
1379 466 1471 513 esse:
1515 440 1587 514 Sed
1613 444 1833 533 gratulemur
1858 446 1981 534 nobis,
2015 459 2052 517 et
2074 440 2229 527 Patriae,

183 553 307 622 lumen
318 549 491 643 addere),
518 552 580 621 sed
605 563 744 621 tantum
759 551 906 634 veritas,
931 565 965 623 et
980 555 1075 625 bona
1094 554 1181 623 fides
1231 549 1328 641 quod
1345 546 1450 617 talem
1470 545 1604 631 civem,
1629 569 1704 617 nou
1720 549 1826 619 nobis
1840 551 1969 636 modo,
1991 548 2228 620 verumetiam

186 678 281 723 ame
294 651 535 746 requirantur.
1231 650 1298 721 toti
1320 649 1401 719 orbi
1422 642 1650 734 Christiano,
1684 650 1786 721 cuius
1808 651 2001 733 memoria,
2032 666 2069 723 et
2098 674 2229 721 monu-

637 782 641 789 ·
1231 764 1360 837 menta,
1376 750 1508 832 vivent,
1523 750 1706 841 vigebunt,
1728 766 1763 824 et
1776 754 1956 827 florebunt
1969 756 2064 847 apud
2084 776 2227 824 omnem

288 848 457 947 Optarim
471 868 606 941 autem,
634 856 664 927 si
681 858 729 928 ita
747 858 823 929 Deo
841 853 930 951 Opt.
947 857 1045 930 Max.
1062 859 1179 929 visum
1233 855 1494 947 posteritatem,
1520 855 1739 945 produxerit.

187 955 329 1043 luisset,
358 972 399 1028 ut
416 958 499 1027 vivo
522 959 639 1049 potius
659 958 705 1035 D.
727 958 917 1053 Philippo,
946 986 1042 1048 eam,
1072 986 1180 1056 quam
1608 1010 1619 1027 ι

188 1058 302 1150 ipsius
318 1082 400 1150 erga
411 1058 620 1147 Ecclesiam,
644 1060 825 1155 Rempub.
842 1064 1054 1145 literariam,
1076 1078 1109 1135 et
1124 1088 1181 1133 me
1334 1052 1449 1129 Ortus
1484 1072 1535 1129 est
1567 1074 1685 1129 autem
1712 1056 1938 1151 parentibus,
1976 1056 2041 1151 qui
2073 1050 2223 1127 honesto

186 1161 353 1254 privatim
377 1164 547 1232 beneficia
573 1166 769 1254 postulant,
796 1164 1049 1256 gratitudinem
1075 1191 1179 1259 prae·
1232 1160 1327 1252 apud
1342 1183 1425 1231 suos
1439 1162 1517 1229 loco
1530 1162 1646 1231 fuere:
1670 1162 1761 1232 sicut
1777 1162 1973 1231 etiamnum
1990 1154 2102 1229 hodie
2117 1160 2223 1231 l'rater

188 1278 279 1335 stare
295 1266 506 1357 potuissem,
534 1290 641 1358 quam
658 1290 739 1357 erga
759 1269 831 1339 vita
847 1264 912 1338 hac
934 1270 1096 1340 iunctum
1113 1264 1181 1338 hoc
1232 1263 1344 1354 ipsius
1366 1256 1550 1356 Georgius
1573 1262 1851 1357 &mortecto
1877 1262 1954 1333 illic
1975 1260 2222 1353 Magistratum
2261 1344 2263 1351 Ι

188 1366 428 1461 qualicunque
457 1368 574 1437 officio
605 1370 765 1440 animum
798 1384 960 1441 nostmm
990 1372 1180 1445 declarare.
1232 1364 1333 1455 gerit.
1369 1364 1488 1435 Mater
1502 1367 1674 1456 sapientia
1689 1367 1899 1436 admiranda
1914 1366 1953 1433 in
1968 1376 2043 1437 tota
2057 1364 2124 1433 illa
2138 1362 2223 1433 vici-

188 1466 282 1538 Vere
307 1470 403 1539 enim
425 1470 601 1540 affirmare
622 1496 783 1563 possum,
818 1468 913 1542 nihil
937 1468 1027 1543 mihi
1053 1474 1092 1543 in
1115 1469 1180 1543 hac
1233 1468 1293 1537 nia
1314 1468 1498 1553 excelluit,
1531 1469 1625 1539 clara
1647 1482 1680 1539 et
1704 1470 1853 1541 celebris
1874 1468 1953 1543 luit.
2004 1464 2078 1539 Sed
2102 1466 2149 1541 de
2171 1460 2223 1537 hir

187 1571 260 1643 vita
277 1572 412 1642 tristius
428 1573 587 1643 accidere
602 1576 759 1666 potuisse
783 1572 850 1645 boc
867 1577 1000 1646 nuncio
1019 1578 1064 1647 de
1079 1574 1181 1646 obitu
1233 1593 1308 1637 non
1326 1592 1416 1663 opus
1437 1584 1490 1639 est
1510 1572 1610 1660 plura
1626 1572 1771 1642 addere.
1820 1569 1912 1640 Nam
1934 1569 1965 1638 si
1989 1570 2222 1639 marinreob-

189 1674 283 1744 tanti
299 1674 389 1758 viri,
410 1698 482 1766 quo
498 1675 546 1745 ita
563 1692 807 1749 consternatus
823 1702 913 1761 sum,
939 1692 979 1748 ut
993 1702 1109 1773 neque
1124 1702 1182 1746 me
1232 1672 1345 1741 scuris
1370 1686 1474 1744 natus
1497 1688 1586 1743 esset
1608 1672 1831 1757 Maioribus,
1863 1685 1981 1741 tamen
2004 1670 2140 1743 virtute
2164 1693 2222 1743 sua

187 1774 306 1866 ipsum
334 1776 518 1866 colligere,
550 1802 667 1873 neque
694 1781 854 1849 animum
878 1782 923 1848 ad
954 1782 1181 1869 cogitandum
1232 1776 1280 1843 ita
1304 1775 1376 1842 illis
1398 1776 1590 1866 praeluxit,
1622 1791 1663 1846 ut
1684 1775 1713 1845 si
1736 1778 1836 1869 prius
1862 1776 1941 1845 uoti
1965 1796 2041 1842 nou
2064 1774 2222 1859 fuissent,

188 1878 376 1950 instituere
391 1880 580 1969 potuerim.
632 1879 717 1951 ldeo
736 1882 875 1951 veniam
891 1876 1072 1953 mihidari
1089 1895 1183 1975 peto,
1233 1898 1304 1945 ase
1316 1876 1666 1947 initium-memoriae
1681 1900 1766 1948 suae
1781 1876 1997 1968 accepissent
2008 1874 2118 1971 (libet
2130 1876 2220 1945 enim

189 1980 222 2051 si
251 1982 488 2072 expectationi
514 1995 649 2052 vestrae
680 2008 755 2052 uon
786 1985 1011 2077 responderit
1035 1980 1183 2069 Oratio,
1232 1978 1350 2047 verbis
1363 1976 1547 2048 Ciceronis
1563 1976 1633 2073 uti)
1653 2005 1693 2050 ac
1716 1982 1832 2051 multo
1848 1980 1957 2049 teliu!
1973 1992 2045 2063 ²⁸⁸2
2071 1978 2220 2071 ΡῐῡΡῐῙῖῑ

188 2105 306 2176 neque
328 2082 539 2171 elegantiam
560 2097 596 2154 et
619 2086 864 2176 splendorem,
890 2108 997 2178 quem
1012 2100 1047 2156 et
1061 2110 1182 2179 perso-
1233 2080 1426 2151 virtutibus
1446 2082 1592 2168 florere,
1624 2106 1731 2176 quom
1763 2085 1940 2153 mai0rum
1968 2081 2163 2172 opinions..
2191 2094 2222 2161 tt

187 2208 254 2264 ua,
280 2186 325 2255 de
349 2209 418 2278 qua
440 2186 590 2271 dicitur,
613 2201 648 2257 et
669 2190 868 2279 argumenti
891 2189 1044 2278 gravitas
1061 2213 1102 2258 aa
1117 2212 1181 2259 va·
1233 2182 1448 2273 imaginibus
1464 2197 1603 2255 tantum
1624 2186 1709 2267 niti,
1740 2198 1775 2255 et
1791 2184 1942 2276 posteris
1957 2184 2106 2254 initium
2122 2182 2221 2255 stobib

188 2286 297 2357 rietas
311 2287 478 2381 requirit,
503 2283 702 2360 adhibeam.
1232 2285 1341 2355 litatis
1356 2288 1535 2377 praebere,
1559 2312 1664 2380 quam
1679 2286 1826 2358 aliunde
1841 2300 2038 2377 acceptum,
2059 2286 2136 2357 vita
2150 2300 2220 2358 tur·

1231 2387 1325 2479 piter
1339 2404 1432 2468 acta,
1458 2390 1621 2458 tenebras
1634 2392 1831 2461 offundere.
1878 2386 1969 2459 Cum
1987 2388 2100 2478 igitur
2114 2388 2220 2459 tamt·

290 2489 372 2560 Non
385 2493 569 2563 instituam
585 2507 703 2562 autem
720 2491 939 2563 Graecorum
957 2518 1056 2562 more
1071 2517 1181 2585 pane·
1232 2502 1318 2559 tates
1334 2489 1406 2559 illis
1419 2492 1615 2560 mediocres
1631 2503 1756 2575 essent,
1777 2488 1924 2561 honeste
1940 2490 2059 2577 etiam,
2086 2492 2219 2563 etlibs-

188 2592 344 2687 gyricam
360 2595 622 2678 laudationem,
648 2596 710 2663 sed
724 2608 869 2686 propter
886 2592 1049 2666 luni'ores
1068 2592 1181 2666 histo·
1231 2591 1478 2661 raliterlilium
1494 2594 1637 2663 educari
1650 2604 1876 2675 curaverunt,
1901 2594 1992 2663 et'ad
2007 2594 2220 2665 sludlallle·

187 2696 277 2764 riam
300 2696 393 2765 vitae
417 2698 572 2767 breviter
592 2696 750 2767 recitabo
772 2698 867 2767 etde
889 2700 1033 2784 studiis,
1059 2700 1182 2768 erudi·
1219 2716 1352 2767 ‚rarum
1367 2689 1629 2783 adhibuerunt,
1654 2720 1805 2789 quarum
1830 2694 2034 2767 rudimenta
2051 2696 2219 2789 primain

132 2846 144 2857 .
188 2796 307 2881 riona,
331 2813 366 2869 et
385 2799 524 2892 scriptis
546 2798 680 2884 dicam,
708 2824 816 2891 pauca
833 2802 1007 2893 quaedam
1024 2803 1180 2871 demul-
1231 2796 1344 2887 patria
1359 2797 1437 2865 sine
1455 2800 1600 2888 negocio
1619 2800 1764 2883 didicit,
1787 2814 1827 2870 ut
1848 2819 1972 2867 omnes
1987 2820 2090 2891 spem
2114 2798 2220 2869 mari-¹

189 2900 235 2970 tis
254 2898 452 2995 attingens,
479 2916 514 2972 et
534 2901 635 2995 quasi
658 2904 785 2993 procul
803 2905 1009 2973 osteudens:
1038 2902 1181 2993 Quibus
1230 2922 1323 2967 mam
1346 2900 1391 2968 de
1410 2899 1488 2990 ipso
1515 2902 1752 2991 conciperent.
1804 2893 1907 2972 Nihil
1929 2901 2025 2970 enim
2044 2902 2221 2973 mediocre
2259 2976 2263 3001 1

189 3001 321 3071 deinde
346 3004 521 3073 nonnulla
537 3007 582 3073 de
599 3005 783 3076 doctrinae
802 3028 949 3095 genere,
976 3010 1072 3100 quod
1094 3030 1179 3099 pro·
1229 3000 1414 3091 ingenium
1433 3002 1535 3094 pu'eri
1555 3004 1799 3094 pollicebatur.

187 3104 299 3174 fessus
316 3121 385 3190 est,
410 3106 617 3192 subiiciam,
642 3119 681 3176 ut
696 3108 905 3177 memoriam
927 3109 1039 3200 ipsius
1062 3104 1180 3178 hono-

186 3206 284 3274 rilice
297 3230 564 3293 conservemus,
590 3222 624 3279 et
641 3232 766 3280 omnes
786 3210 987 3300 intelligant
1001 3224 1118 3301 grata,
1145 3227 1179 3282 et
1330 3203 1470 3276 Deinde
1482 3230 1567 3278 vero
1581 3210 1626 3277 ad
1640 3222 1778 3300 portam
1787 3205 1992 3294 Herciniae,
2017 3208 2078 3280 cui
2090 3232 2220 3281 nomeu

187 3308 341 3379 iucunda
357 3309 462 3380 nobis
477 3310 588 3403 ipsius
600 3310 708 3381 fuisse
725 3312 852 3385 officia.
906 3314 959 3383 Ac
973 3338 1075 3406 spero
1093 3308 1179 3383 haec
1229 3321 1280 3378 est
1293 3308 1501 3399 Dfotpbtlttt,
1527 3334 1547 3379 a
1567 3313 1774 3402 parentibus
1796 3326 1847 3382 est
1867 3313 2012 3396 missus,
2038 3312 2105 3383 ubi
2127 3316 2220 3407 apud

188 3411 411 3482 auditoribus
433 3412 510 3482 lore
526 3414 647 3484 utilia:
669 3412 762 3484 Nam
781 3430 815 3485 et
830 3416 875 3485 de
888 3417 1050 3486 doctrina
1066 3416 1178 3486 multa
1227 3434 1385 3481 sororem
1405 3401 1617 3508 Copnioais
1632 3429 1816 3504 cognatam
1839 3414 1946 3499 vixit,
1977 3424 2013 3484 et
2034 3414 2114 3487 illic
2128 3418 2219 3509 apud

186 3528 356 3599 monent,
378 3528 413 3585 et
437 3518 595 3608 exempla
619 3516 710 3587 vitae
731 3518 883 3589 illustria
908 3522 1093 3606 omnibus,
1119 3520 1178 3587 in·
1229 3512 1423 3603 Georgium
1439 3511 1659 3601 Simirmm,
1684 3519 1746 3611 qui
1760 3530 1881 3607 postea
1899 3513 1958 3587 hic
1980 3516 2141 3607 primum
2155 3520 2219 3591 bo-

187 3616 313 3707 pritnis
330 3640 413 3686 vero
430 3618 615 3704 studiosis,
639 3620 743 3689 utilia
757 3620 954 3695 continent.
1227 3640 1290 3684 nas
1312 3630 1422 3697 artes,
1447 3619 1578 3687 deinde
1599 3633 1634 3688 et
1651 3618 1731 3690 lura
1756 3622 1934 3713 professus
1958 3632 2027 3705 est,
2054 3642 2097 3691 ac
2114 3619 2219 3693 loan-

1228 3742 1310 3786 nem
1335 3713 1658 3815 Hildcprondum,
1689 3724 1785 3792 viros
1809 3722 2091 3808 eruditissimos,
2120 3722 2219 3795 Lati-

288 3817 337 3893 Et
352 3834 393 3891 ut
414 3822 537 3903 initio,
563 3848 663 3893 more
684 3823 790 3894 solito
810 3826 983 3919 quaedam
998 3824 1043 3892 de
1064 3824 1177 3913 patria
1227 3844 1293 3890 nae
1316 3835 1349 3891 et
1367 3818 1523 3893 Graecae
1546 3823 1689 3915 linguae
1707 3826 1869 3896 exercitia
1888 3820 2030 3908 habuit,
2055 3828 2155 3919 quod
2175 3828 2219 3899 ad

186 3924 315 3993 dicam.
373 3923 487 3996 Natus
523 3938 577 3996 est
609 3924 656 3997 D.
686 3919 886 4023 Philippus
912 3926 950 3994 in
976 3924 1177 3997 Palatinatu
1227 3948 1293 3993 nos
1306 3924 1381 4016 ipse
1396 3948 1491 3995 auno
1506 3928 1681 4019 superiori
1700 3926 1847 4002 Caleud.
1863 3926 1955 3998 Maii
1968 3926 2122 4021 scripsit.

185 4028 229 4095 ad
266 4020 456 4110 Rhenum,
506 4023 654 4119 Oppido
694 4026 835 4115 Bretta,
882 4024 991 4099 Anno
1024 4030 1176 4099 Domini

185 4124 537 4199 M.CCCC.XCVll.
560 4130 710 4201 minutis
727 4153 787 4201 sex
811 4145 889 4224 post
918 4126 1043 4201 horam
1065 4132 1176 4220 septi·
1328 4128 1418 4201 lnde
1438 4128 1711 4223 Heidelbergam
1744 4136 1789 4202 ad
1810 4132 1965 4203 vicinam
1988 4126 2220 4205 Academiam

184 4254 279 4298 mam
312 4230 610 4321 pomeridianam,
642 4233 701 4303 die
724 4235 955 4303 decimasexta
977 4230 1174 4303 Februarii.
1224 4234 1334 4303 asuis
1358 4248 1410 4304 est
1435 4236 1625 4324 ablegatus.
1674 4233 1868 4306 Florebant
1890 4236 1986 4305 enim
2002 4234 2081 4305 illic
2100 4238 2219 4309 studia

184 4332 301 4402 Locus
327 4333 524 4403 rtativitatis
548 4358 622 4402 non
648 4338 775 4427 procul
806 4332 892 4405 hinc
917 4336 1043 4419 distat,
1077 4337 1175 4429 quod
1223 4336 1427 4418 literarum,
1458 4351 1499 4408 ut
1522 4337 1583 4406 illa
1611 4339 1772 4407 ferebant
1794 4352 1954 4431 tempora
1979 4338 2218 4413 mediocriter·

184 4435 297 4520 scitis,
322 4451 363 4507 ut
382 4437 488 4505 nobis
511 4437 616 4507 etiam
634 4462 714 4508 eum
732 4441 920 4509 vendicare
936 4460 1037 4528 posse
1053 4437 1174 4508 videa·
1223 4436 1296 4509 Ubi
1311 4452 1347 4510 et
1362 4440 1515 4531 primam
1530 4441 1686 4510 lauream
1703 4453 1754 4511 est
1769 4456 1990 4513 consecutus.

184 4562 282 4623 mur,
310 4538 512 4628 praesertim
527 4562 607 4608 cum
624 4556 744 4633 postea
766 4538 826 4610 hic
839 4542 984 4625 vixerit,
1007 4540 1174 4613 didicerit

184 4656 218 4711 et
242 4640 422 4729 docuerit,
453 4643 498 4711 de
528 4666 600 4736 quo
630 4644 738 4735 paulo
768 4658 857 4736 post.
916 4642 1056 4716 Scimus
1083 4644 1171 4713 olim
1323 4643 1449 4715 Postea
1470 4645 1618 4714 consilio
1638 4642 1833 4717 Reuchlini
1852 4644 2010 4736 cognati,
2043 4648 2110 4741 qui
2130 4670 2214 4719 eum

182 4744 311 4814 multas
327 4740 497 4813 Graeciae
519 4746 677 4817 civitates
693 4749 738 4816 de
753 4744 912 4816 Homero
933 4758 1075 4816 mortuo
1091 4770 1172 4817 cer-
1220 4770 1295 4816 non
1311 4747 1382 4817 nisi
1403 4746 1468 4815 lilii
1492 4748 1637 4817 nomine
1658 4750 1866 4841 appellarit,
1888 4763 1922 4820 et
1938 4746 2086 4819 Simleri
2111 4774 2215 4841 prae·

181 4858 288 4931 tasse,
329 4846 478 4937 singulis
504 4848 616 4917 civem
643 4872 766 4934 suum,
806 4851 956 4941 etapud
982 4862 1169 4920 senatum
1219 4851 1371 4941 ceptoris
1395 4848 1598 4939 Tubingam
1617 4852 1726 4923 venit.
1787 4850 1873 4923 Fuit
1893 4864 2011 4922 autem
2026 4844 2215 4923 RencMi-

180 4948 319 5039 magnis
339 4948 632 5020 contentionibus
653 4953 906 5023 asserentibus:
933 4953 1029 5046 quod
1055 4953 1170 5044 pluri·-
1220 4976 1310 5038 rsus,
1344 4966 1384 5023 ut
1403 4946 1471 5021 hoc
1488 4976 1631 5045 quoque
1654 4956 1773 5025 obiter
1796 4957 1944 5037 addam,
1976 4976 2058 5023 cum
2080 4954 2122 5023 in
2144 4950 2214 5029 hac

179 5076 278 5123 mum
295 5051 410 5122 laudis
427 5045 513 5121 hinc
526 5050 666 5122 Patriae
681 5076 764 5125 suae
779 5058 944 5125 accedere
958 5055 1169 5142 iudicarent,
1217 5051 1348 5125 Schola
1362 5052 1561 5125 Hebraeum
1575 5055 1734 5144 linguam
1751 5058 1797 5128 sit
1814 5058 2009 5149 protessus,
2032 5070 2067 5127 et
2084 5056 2126 5127 in
2142 5052 2215 5131 hoc

178 5156 303 5235 talem,
338 5168 372 5224 et
394 5167 533 5224 tantum
553 5156 673 5226 virum
698 5157 736 5225 in
763 5179 825 5228 sua
848 5158 991 5228 civitate
1014 5158 1054 5225 in
1076 5153 1168 5229 hanc
1216 5159 1343 5228 ducatu
1372 5169 1553 5241 mortuus,
1580 5160 1716 5249 primus
1740 5160 1804 5253 qui
1827 5160 1984 5231 studium
1997 5156 2161 5231 Graecae
2175 5176 2216 5233 et·

179 5258 292 5327 lucem
309 5258 468 5327 aeditum
491 5280 575 5328 esse.
628 5256 702 5328 Nec
723 5282 789 5329 nos
811 5260 921 5351 igitur
938 5260 975 5331 in
991 5274 1166 5352 postrema
1215 5256 1398 5331 Hebraeae
1411 5259 1554 5350 linguae
1569 5261 1606 5329 in
1623 5256 1817 5333 Germania
1832 5261 2005 5332 excitavit.
2056 5258 2211 5335 Etcum

176 5360 397 5447 foelicitatis,
432 5375 467 5431 et
494 5360 609 5433 laudis
632 5374 733 5456 parte
756 5386 929 5457 ponemus
952 5365 1073 5434 lumen
1098 5358 1167 5437 hoc
1214 5359 1371 5435 Romam
1384 5388 1404 5435 a
1419 5358 1588 5455 Philippo
1602 5359 1766 5436 Palatino
1783 5366 1822 5435 in
1847 5364 1996 5457 negocio
2013 5364 2060 5437 de
2077 5364 2211 5439 coniu-
