4546 5760
111 153 194 235 ess
486 147 741 231 scatens
773 147 850 227 sn
884 145 1079 224 virtu
1109 145 1187 226 ar
1214 125 1448 225 nutrtn'r
1476 142 1779 226 unctura.
2085 156 2162 233 eso
2191 262 2195 271 ¹

107 346 189 403 toto
213 327 308 401 vitae
323 342 503 419 ternpore,
531 329 726 424 quodcum
746 321 1003 418 aliquantisper
1020 323 1058 394 iu
1073 348 1116 396 eo
1170 325 1323 397 ctionem
1342 322 1437 416 piam
1453 322 1644 395 conciliare
1664 324 1788 411 vellet,
1810 319 2000 418 Coniunge
2024 327 2162 425 aliquos

111 436 309 525 gaudentes
338 431 543 521 religiosum
570 430 740 523 gaudium
765 440 1022 520 spectaremus,
1057 450 1119 499 su·
1169 454 1191 497 o
1212 427 1328 510 Deus,
1354 425 1514 510 dicebat,
1547 450 1654 519 quam
1680 451 1801 498 vocem
1827 430 2030 520 saepissime
2052 457 2092 502 ex
2117 458 2161 504 eo

110 537 191 607 bito
217 534 280 605 ille
304 535 478 604 dodrante
501 532 571 603 iam
595 546 675 623 post
698 526 822 600 boram
845 543 975 599 sextam
997 529 1118 621 elapso
1169 531 1273 602 multi
1294 528 1517 599 artdiverunt.
1568 526 1701 599 Filium
1717 533 1760 598 ad
1776 554 1936 621 precum,
1961 548 1995 604 et
2011 548 2159 605 concor-

112 637 193 709 sine
219 637 295 707 ulls
323 635 552 731 contorsione
581 634 655 704 oris
685 647 746 704 aut
778 632 938 723 corporis
958 654 1119 701 cummo-
1168 635 1249 703 diae
1271 632 1430 703 studium
1454 624 1683 711 hortabatur,
1716 644 1848 704 ettam
1871 635 2027 705 dicebat:
2062 633 2158 707 Deus

111 741 216 814 tione
232 737 427 830 expiravit,
452 750 558 830 atque
574 737 620 807 ita
637 736 775 829 placide
791 747 825 804 et
843 734 972 805 leniter
987 746 1025 804 ut
1040 756 1115 804 non
1168 734 1235 805 tibi
1267 734 1461 804 benedicet.
1524 729 1683 823 Repetiit
1711 748 1744 805 et
1777 736 2013 819 mentionem,
2052 763 2159 831 quaen

113 840 435 915 attentissimorum
450 839 573 909 oculos
588 852 623 909 et
637 837 891 931 praesentiam,
917 837 1037 926 frigere
1060 859 1117 905 res
1167 837 1283 907 lacere
1298 837 1421 907 crebro
1437 835 1564 905 solitus
1579 836 1690 906 luerat
1699 886 1711 920 ,
1736 837 1907 905 sermonis
1924 834 2037 908 babiti
2053 864 2072 907 a
2089 842 2160 910 ela-

113 936 381 1037 indeprehensa
396 942 580 1033 potuisset.
629 940 754 1034 Neque
768 940 807 1008 in
822 950 898 1010 tuto
916 961 1029 1029 agone
1042 938 1117 1010 ulls
1168 938 1297 1008 tissimi
1324 938 1392 1007 viri
1411 936 1453 1009 D.
1471 934 1641 1007 lobannis
1654 936 1916 1027 Stramburgeri
1940 940 2090 1030 coniuge
2105 944 2160 1011 vi-

113 1044 311 1119 eommotio
329 1054 390 1115 aut
408 1042 647 1135 perturbatio,
675 1043 747 1113 ulla
762 1040 968 1111 deformitas
987 1040 1057 1109 ulla
1077 1039 1115 1107 in
1168 1043 1254 1111 dua.
1317 1038 1407 1111 Eam
1436 1064 1517 1108 cum
1551 1040 1745 1133 aliquando
1771 1041 1992 1112 laborantem
2020 1044 2160 1114 tabifico

113 1160 219 1243 parte
249 1144 518 1230 animadversa,
551 1145 649 1215 nulla
685 1167 833 1238 usquam
867 1141 1116 1211 immundities
1169 1143 1284 1213 morbi
1308 1143 1400 1211 malo
1419 1136 1646 1212 hortantibus
1659 1143 1780 1213 amicis
1798 1144 2014 1226 accessisset,
2044 1161 2164 1235 postea

113 1273 234 1345 neque
249 1241 519 1345 καρφολογίαι,
549 1270 664 1340 neque
677 1247 868 1342 quicquam
886 1265 1117 1338 eorumquae
1168 1245 1258 1314 dixit
1273 1268 1310 1314 se
1323 1244 1421 1313 illius
1436 1245 1598 1314 oratione
1615 1269 1689 1314 non
1706 1269 1831 1336 parum
1850 1246 1957 1316 texisse
1972 1248 2163 1317 confirma-

114 1352 358 1425 morientibus
381 1350 491 1419 ferme
515 1349 672 1418 accidere
687 1369 913 1420 consuevere.
964 1344 1022 1415 Aa
1038 1368 1116 1415 cae-
1168 1361 1256 1419 tum.
1307 1344 1378 1418 Sed
1402 1346 1590 1438 praecipue
1612 1341 1698 1415 haec
1724 1371 2002 1417 commemorare
2016 1349 2162 1434 solebat,

115 1468 192 1527 tera
212 1453 311 1549 quod
331 1450 474 1537 attinet,
499 1451 590 1522 sicut
607 1450 695 1523 vixit
709 1464 846 1530 sancte,
881 1448 929 1517 ita
955 1461 1117 1518 mortuus
1168 1449 1267 1518 illam
1290 1472 1370 1518 cum
1395 1446 1663 1539 pronunciasset
1683 1449 1875 1520 sententias
1898 1450 2053 1544 aliquot,
2079 1455 2161 1545 qui-

117 1557 228 1627 etiam
249 1552 470 1624 sanctissime
489 1553 574 1637 fuit,
600 1552 674 1623 vita
694 1545 871 1647 elausa⁸“)
894 1549 963 1641 piis
981 1564 1013 1620 et
1030 1550 1117 1618 assi·
1167 1552 1235 1620 bus
1252 1550 1379 1620 fiducia
1396 1550 1514 1620 meriti
1531 1549 1610 1619 lesu
1624 1545 1759 1620 Christi
1777 1552 1849 1621 sola
1865 1574 1939 1623 esse
1951 1549 2160 1627 hominibus
2219 1594 2222 1598 ⁴

116 1656 202 1729 duis
217 1656 384 1749 precibus
398 1668 433 1726 et
449 1654 687 1738 sermonibus,
712 1677 803 1749 quos
818 1653 953 1723 utinam
969 1652 1116 1721 univer·
1168 1652 1331 1722 salutaris
1347 1655 1629 1737 demonstratur,
1654 1654 1771 1746 qualis
1785 1667 1834 1722 est
1849 1648 1952 1724 baec:
1985 1653 2046 1727 ste
2062 1654 2157 1727 Deus

117 1783 178 1833 sos
198 1759 486 1842 recordaremur,
512 1771 547 1828 et
574 1752 642 1826 hoc
664 1758 741 1828 loco
759 1755 977 1848 perscribere
997 1777 1117 1846 posse-
1168 1754 1292 1825 dilexit
1310 1755 1497 1839 mundum,
1519 1754 1682 1826 utblium
1699 1777 1803 1825 suum
1818 1768 1883 1826 etc.
1919 1752 1967 1825 Et
1982 1758 2044 1851 qui
2063 1757 2159 1829 videt

96 1882 220 1945 0mus,
245 1860 347 1929 nulla
369 1860 466 1930 enim
490 1882 528 1928 re
553 1859 666 1948 magis
689 1855 774 1928 baec
798 1858 969 1949 expositio
993 1856 1118 1926 mortis
1139 1890 1143 1909 ι
1168 1857 1301 1941 lilium,
1325 1870 1358 1926 et
1382 1856 1495 1926 credit
1515 1856 1552 1925 in
1576 1880 1673 1949 etam,
1707 1852 1812 1928 habet
1834 1857 1943 1927 vitam
1967 1874 2158 1943 aeternam,

118 1964 223 2033 illins
238 1975 360 2032 nostra
380 1961 675 2032 commendabilis
692 1960 795 2029 bonis
810 1974 845 2031 et
860 1960 927 2051 piis
949 1959 1116 2028 omnibus
1168 1954 1236 2043 Et,
1269 1958 1446 2028 iustificati
1481 1959 1549 2028 lide
1576 1982 1697 2049 pacem
1725 1954 1911 2029 babemus:
1959 1958 2026 2029 His
2052 1961 2161 2049 igitur

117 2066 351 2145 redderetur,
383 2086 474 2157 quos
489 2074 609 2132 tamen
622 2062 824 2132 meminisse
839 2062 877 2130 iu
894 2057 960 2131 hor
974 2060 1118 2150 ingente
1171 2060 1415 2151 pronunciatis
1438 2060 1538 2129 illam
1560 2061 1708 2141 dixisse,
1737 2085 1774 2130 se
1790 2057 1881 2131 nihil
1899 2063 2031 2134 sentire
2045 2064 2156 2134 tristi·

118 2168 270 2249 dolore,
294 2178 329 2235 et
344 2164 611 2255 perturbatione
628 2188 765 2235 summa
782 2178 903 2234 nostra
924 2162 1117 2254 potuimus,
1163 2165 1242 2242 ,riae
1271 2162 1392 2231 animo
1424 2176 1506 2245 stro,
1544 2186 1660 2256 neque
1686 2162 1784 2232 aliud
1814 2188 1943 2255 cupere
1966 2181 1999 2235 et
2023 2169 2157 2257 precari

119 2292 184 2339 eos
203 2268 300 2337 bons
321 2266 390 2336 fide
414 2266 613 2336 retulimus.
664 2265 899 2335 Meminimus
919 2279 953 2334 et
968 2263 1116 2354 sparsim
1169 2287 1274 2356 quam
1302 2262 1581 2333 consolationem
1603 2265 1705 2333 istam
1729 2287 1802 2334 esse
1822 2279 1856 2336 et
1879 2288 2083 2358 permanere
2099 2270 2159 2337 fir-

120 2369 350 2465 quorundam
374 2367 438 2461 qui
454 2367 584 2461 quibus
601 2368 715 2436 morbi
733 2368 859 2436 diebus
873 2379 907 2435 et
921 2364 1117 2434 occasioni·
1169 2389 1275 2449 mam,
1299 2389 1416 2458 neque
1430 2364 1502 2433 ulla
1519 2365 1587 2433 alia
1602 2364 1815 2455 cogitatione
1830 2382 1889 2438 aut
1904 2392 1986 2438 cura
2005 2392 2041 2438 se
2058 2370 2160 2448 affici.

120 2474 192 2543 bus
204 2466 320 2541 babiti
336 2469 419 2553 sint,
444 2493 519 2539 non
532 2493 718 2560 possumus
734 2469 873 2559 dicere,
895 2467 940 2536 iis
953 2479 1117 2559 propter·
1170 2464 1288 2560 Atque
1312 2462 1397 2537 haec
1419 2467 1571 2538 recitans
1595 2470 1820 2559 quorundam
1836 2470 1897 2562 qui
1914 2474 2159 2561 praecaeteris

120 2600 162 2643 ea
203 2567 302 2642 bunc
332 2572 451 2640 locum
483 2572 709 2661 peculiariter
740 2569 1016 2647 reservavimus,
1055 2567 1117 2637 ubi
1141 2618 1144 2647 :
1171 2568 1266 2637 docti
1287 2583 1321 2641 et
1336 2568 1492 2658 religiosi
1509 2568 1621 2637 videri
1637 2569 1787 2655 vellent,
1813 2572 1954 2654 futiles,
1977 2588 2010 2644 et
2026 2573 2161 2658 inanes,

121 2674 329 2767 promiscue
350 2686 570 2744 notarentur.
622 2670 710 2743 Erat
730 2685 847 2743 autem
864 2673 900 2741 in
921 2671 1045 2761 primis
1062 2665 1118 2737 bis
1141 2671 1145 2719 t
1170 2683 1275 2762 atque
1300 2671 1406 2740 etiam
1433 2671 1656 2741 turbulentas
1677 2672 1934 2764 disputationes
1961 2682 1995 2745 et
2012 2690 2159 2748 conten-

122 2774 244 2848 morbi
267 2775 431 2845 extremis
455 2775 581 2843 diebus
603 2775 877 2845 familiarissima
900 2773 953 2856 ci,
987 2789 1021 2842 et
1047 2773 1118 2841 fre·
1141 2800 1145 2821 ¹
1169 2772 1284 2842 tiones
1305 2768 1586 2864 reprehendebat
1603 2786 1636 2843 et
1653 2773 1760 2844 unius
1774 2774 1933 2846 mulieris
1947 2777 2109 2867 pictatem
2126 2793 2161 2849 et

122 2876 357 2973 quentissitna
372 2901 457 2960 vox,
479 2901 584 2969 quam
602 2889 676 2944 tum
692 2876 841 2967 singulis
856 2898 944 2966 pene
959 2898 1117 2944 momen·
1140 2826 1146 2931 l
1171 2875 1327 2945 veritatis
1346 2876 1502 2944 studium
1520 2875 1664 2944 illorum
1683 2876 1898 2947 clamoribus
1913 2879 2034 2948 etzelo
2049 2903 2163 2971 oppo-

122 2981 173 3051 tis
187 3004 269 3048 cum
285 2978 437 3069 gemitu,
464 2992 497 3048 et
516 2978 643 3046 intimo
661 2980 779 3048 cordis
803 2992 903 3049 motu
925 2979 1117 3069 repetebat:
1141 2962 1146 3171 ἱ
1169 2977 1288 3050 nebat.
1339 2975 1377 3048 Si
1394 2978 1538 3069 qnando
1554 2977 1686 3045 mentio
1704 2977 1801 3049 lieret
1817 2974 2000 3049 hostilium
2014 2979 2161 3051 infecta·

124 3077 303 3154 Altheae
328 3080 493 3148 miserere
508 3079 594 3148 mei!
624 3091 657 3148 et
672 3080 731 3149 illa
750 3079 897 3150 Psalmi:
932 3076 974 3149 ln
991 3092 1025 3149 te
1045 3075 1119 3146 Do·
1170 3079 1329 3162 tionum,
1354 3079 1484 3171 quibus
1499 3080 1793 3168 oppugnabatur,
1819 3076 1911 3150 nihil
1927 3084 2162 3174 respondebat
2252 3132 2255 3137 -

123 3184 226 3255 mine
249 3181 406 3273 speravi,
433 3205 507 3249 non
528 3182 724 3252 confundat
748 3182 785 3251 in
809 3197 881 3254 tota
904 3181 1120 3263 aeternitate,
1170 3181 1280 3264 aliud,
1305 3204 1412 3273 quam
1428 3180 1517 3249 illud
1534 3178 1677 3249 Psalmi.
1730 3178 1785 3249 llli
1804 3182 2072 3268 maledicebant,
2099 3207 2162 3274 ego

124 3300 159 3356 et
184 3307 308 3355 rursm
334 3282 401 3352 alia
429 3280 578 3352 Psalmi:
621 3279 768 3353 Unicam
793 3284 878 3375 petii
907 3306 927 3352 a
952 3282 1120 3365 Domino,
1170 3297 1287 3352 autem
1301 3283 1456 3352 orabam.
1484 3278 1530 3353 Et
1546 3305 1669 3351 rursus
1683 3275 1770 3351 haec
1783 3281 2050 3361 PsalmiCXX.:
2077 3284 2163 3356 Mo-

125 3383 221 3458 hanc
237 3386 416 3479 requiram
431 3399 471 3455 ut
487 3380 642 3454 habitem
659 3385 696 3452 in
711 3388 818 3455 domo
832 3383 978 3455 Domini
1003 3383 1115 3454 onmi-
1143 3408 1147 3549 q
1171 3385 1256 3454 lesta
1271 3398 1323 3453 est
1340 3380 1512 3456 habitatio
1526 3387 1666 3455 animae
1684 3406 1802 3467 meae,
1828 3410 1908 3455 cum
1926 3382 1981 3455 his
1996 3388 2058 3480 qui
2075 3391 2162 3457 ode-

88 3474 107 3489 *
125 3490 195 3561 bus
210 3488 337 3557 diebus
353 3487 446 3557 vitae
465 3509 581 3570 meae,
608 3500 642 3556 et
657 3487 797 3556 videam
813 3487 1029 3578 voluptatem
1044 3483 1120 3555 Do·
1144 3556 1147 3571 ‚
1173 3498 1257 3554 runt
1279 3509 1413 3576 pacem.
1462 3483 1540 3577 Ego
1554 3487 1736 3577 pacificus,
1762 3488 1820 3554 sed
1840 3511 1919 3559 cum
1936 3488 2084 3585 loquor,
2110 3489 2164 3558 illi

126 3589 243 3673 mini,
273 3603 308 3659 et
328 3587 467 3658 visitem
490 3590 662 3680 templum
680 3590 765 3662 eius.
816 3586 979 3682 Cumque
994 3588 1032 3655 in
1046 3599 1119 3656 tota
1143 3584 1149 3707 ἰ
1172 3586 1437 3676 belligerantur.

126 3691 203 3763 vita
225 3691 321 3785 quod
343 3713 465 3760 omnes
489 3689 627 3772 sciunt,
661 3693 821 3785 quicum
841 3703 1036 3775 noverunt,
1063 3713 1121 3760 ar·
1153 3714 1157 3721 ·
1274 3715 1330 3793 Eo
1354 3722 1412 3791 die
1433 3745 1505 3815 quo
1528 3723 1668 3811 publice
1688 3735 1905 3814 postremum
1928 3714 2164 3822 praetulit),

128 3792 454 3912 de¹¹¹3⁸⁸isne.⁰'⁵¹fe
470 3792 597 3913 ”limi
611 3792 667 3877 ω’
686 3788 753 3863 ¹¹⁰⁰
769 3806 887 3913 ιζ”ἶῃθῃ
903 3792 1020 3910 ’ΨΜ
1034 3806 1121 3911 ΜΡ·
1171 3825 1453 3897 adolescentibus
1469 3824 1681 3918 quibusdam
1699 3829 1901 3917 petentibus
1918 3830 2163 3900 testimonium

129 3918 220 3993 pore
239 3915 370 3986 prrorrs
391 3907 484 4014 vrtae
505 3887 571 3964 hac
587 3919 625 3964 m
643 3910 740 3986 parte
756 3896 976 4015 diligentiam
996 3908 1031 3965 et
1047 3917 1123 4014 pqe-
1173 3926 1387 4000 inimtqonqs
1413 3949 1512 4007 suae,
1547 3927 1639 4018 cepit
1672 3929 1825 4003 scribere
1858 3926 1922 4015 hos
1958 3932 2162 4025 versiculos,

129 4011 241 4071 tatem
264 3996 370 4086 longe
390 3996 564 4070 vincebat.
617 3995 740 4091 ltaque
762 4011 904 4088 pretatis
928 4008 1122 4066 sententiae
1224 4053 1263 4100 03
1279 4041 1396 4098 tamen
1412 4053 1485 4097 non
1505 4029 1674 4098 absolvit,

129 4114 165 4173 et
190 4097 349 4169 interdiu
372 4096 403 4166 ei
428 4095 466 4165 in
488 4122 550 4167 ore
575 4120 648 4167 esse
671 4115 705 4169 et
731 4123 794 4190 per
819 4101 973 4194 quietem
1001 4098 1123 4168 offerri
1173 4056 1222 4128 qu
1666 4083 1673 4099 '

131 4199 339 4273 dormienti.
385 4194 677 4293 Quotiescunque
696 4215 813 4271 autem
837 4216 945 4273 noctu
962 4225 981 4270 e
996 4224 1123 4271 somno
1227 4187 1362 4252 Aetemo
1378 4189 1514 4268 genitore
1528 4198 1597 4245 mle
1611 4180 1739 4251 Christe.

130 4300 449 4395 expergiscebatur,
467 4316 502 4373 et
516 4324 652 4394 semper
661 4317 695 4373 et
705 4299 796 4372 nihil
807 4303 905 4372 aliud
916 4328 955 4371 ex
966 4328 1007 4373 eo
1017 4327 1122 4397 quam
1228 4288 1342 4355 0ffl⁰¹
1357 4294 1449 4372 ΡΜ8
1466 4311 1505 4349 ⁰¹
1520 4291 1588 4349 ⁸5³⁰
1601 4286 1732 4363 ”mdis

131 4403 286 4499 gemitus
309 4406 352 4473 ad
371 4401 486 4474 Deum
510 4415 546 4474 et
566 4406 742 4495 precantis
758 4428 862 4475 voces
876 4406 1124 4475 audiebantur.
1227 4392 1347 4455 Vocem
1360 4390 1519 4473 Evangelii
1534 4390 1632 4451 f⁰¹⁰¹¹⁸
1648 4409 1782 4466 tumme
1800 4401 1802 4405 ’

132 4503 326 4599 Inprimis
349 4518 467 4575 tamen
491 4529 555 4597 pro
580 4503 737 4577 Ecclesia
760 4501 828 4576 hoc
852 4522 1014 4579 extremo
1037 4520 1124 4577 tem·
1230 4493 1793 4582 Quaeredentibusexhibes-potenter

133 4630 224 4705 pore
254 4631 319 4678 suo
349 4608 475 4678 orabat
497 4609 679 4678 ardentius
701 4634 806 4703 quarn
834 4633 991 4703 uuquam
1014 4622 1128 4691 antea,
1229 4597 1338 4661 Vitm
1352 4600 1562 4680 3⁰³5&qu
1578 4599 1802 4677 tempitemms

134 4710 240 4785 euius
259 4708 476 4779 calamitates
498 4710 537 4779 in
562 4703 629 4780 hoc
645 4724 737 4783 statu
754 4711 865 4802 ipsius
880 4711 1010 4781 misero
1027 4724 1060 4781 et
1075 4711 1127 4780 al·
1228 4699 1269 4764 Et
1283 4704 1338 4785 <1¹¹³
1353 4704 1497 4783 ‘'sssum‘'
1510 4720 1566 4761 ¹¹⁰³
1583 4710 1639 4760 ‘¹²⁰
1655 4698 1823 4776 redemptos

135 4810 336 4885 flictissimo
359 4805 586 4882 vehementer
601 4836 680 4882 eum
698 4813 923 4895 cruciabant,
949 4816 993 4883 de
1011 4837 1079 4906 quo
1096 4828 1129 4883 et
1229 4802 1380 4884 Effldits
1407 4815 1526 4886 ¹⁰P¹¹¹⁸³
1540 4802 1674 4885 t'aoisque
1692 4803 1800 4874 ¹¹¹⁸¹⁰⁸2

135 4937 243 4985 voces
264 4927 369 5007 atque
393 4915 665 4985 contestationes
688 4915 785 4985 illius
809 4938 915 5007 supra
933 4916 1130 4989 retulimus.
1231 4904 1436 4991 ostendisque
1454 4910 1513 4989 pits
1530 4919 1618 4966 tuum
1635 4912 1805 4984 parentem:
1994 4984 1996 4991 .

135 5013 187 5089 Et
208 5017 409 5108 plerunque
430 5014 468 5084 in
485 5009 542 5084 lais
559 5017 696 5086 ultimis
711 5042 776 5109 pro
791 5013 948 5088 Ecclesia
965 5018 1131 5110 precibus
1230 5008 1353 5077 N⁰ttr⁸⁸
1370 5009 1490 5083 ,chrisa
1506 4994 1676 5090 sempsr⁸⁰)
1696 5004 1804 5071 doceto
1824 5014 1950 5081 mentes,

136 5116 233 5198 suis,
260 5111 327 5187 hoc
342 5114 506 5187 disertea
522 5115 598 5188 Deo
614 5133 731 5212 petere
745 5120 895 5204 solebat,
922 5133 962 5191 ut
979 5120 1132 5199 coniun-
1185 5177 1393 5188 .......-..

137 5275 336 5293 -·“···’·’“
686 5320 690 5329 ,
1149 5318 1152 5329 ,
1217 5260 1262 5326 59)
1276 5260 1427 5328 praelegit]
1446 5253 1495 5311 Ed.
1509 5252 1537 5308 Ι.
1552 5253 1655 5311 duwe.

172 5346 221 5414 58)
241 5345 300 5398 vila
317 5344 427 5414 sluttra]
444 5344 495 5404 Ed.
509 5345 533 5404 ἱ,
552 5349 589 5408 t‘tt,
841 5364 853 5421 Ι·
1218 5347 1263 5419 60)
1281 5352 1404 5415 semper]
1419 5340 1508 5401 EM,
1524 5352 1643 5489 {32er
