4546 5760
108 179 190 263 “719
423 210 429 223 ⁸
535 120 539 128 Ι
704 178 1124 274 Quassrtottus
1157 178 1559 257 ACADEMICAE.
2076 173 2193 266 taut

115 366 161 433 da
173 359 306 434 tuenda
319 355 489 442 sanitate,
513 353 699 427 constituit
709 369 844 425 certum
860 367 1022 449 tempus,
1044 380 1112 428 nec
1162 379 1368 431 nervorum.
1425 352 1475 425 Hi
1488 355 1651 426 omnium
1667 359 2012 443 sensuumactioncs
2025 362 2138 452 guber·
2185 350 2193 428 l

110 461 311 546 anteverti,
335 481 402 528 nec
416 455 553 528 diutius
567 455 705 526 differri
720 458 799 526 vult
812 457 1112 534 exercitationem.
1162 473 1269 540 nant,
1301 452 1358 527 his
1385 456 1713 547 languescentibus,
1749 459 2012 533 labefactantur
2032 487 2140 536 omues

115 563 229 639 Docet
258 562 353 632 enim
386 573 468 651 post
496 561 686 629 secundam
712 559 910 630 coctionem
936 564 1110 633 utendum
1162 584 1302 642 sensus,
1335 584 1400 629 nec
1420 560 1588 631 sustineri
1617 561 1769 632 intentio
1798 563 2003 634 animorum
2032 581 2142 658 puter.
2161 581 2193 658 ,ι

29 686 31 690 ·
114 691 190 740 εεεε
214 663 475 735 exercitatione.
535 659 694 730 Primam
717 662 913 732 coctionem
933 662 1112 754 intelligit,
1163 661 1283 752 Quare
1292 685 1359 734 nos
1369 663 1536 747 maxime,
1558 661 1623 754 qui
1631 664 1864 734 versamurin
1877 666 2009 736 studiis
2022 669 2142 742 docui-
2188 720 2193 785 Ι

116 793 199 842 cum
213 766 253 835 in
268 764 466 836 ventriculo
479 761 579 833 cibus
595 764 635 831 in
654 757 818 858 chylum,
843 764 883 833 id
906 779 978 848 est,
1004 767 1045 836 in
1065 766 1112 836 li·
1161 789 1265 852 nam,
1290 789 1412 834 curare
1430 788 1559 834 nervos
1573 787 1712 836 summa
1727 766 1913 857 diligentia
1926 783 2080 862 oportet.
2190 822 2193 861 2

22 927 25 940 .
116 893 266 966 quorem
283 866 513 937 convertitur.
565 863 766 936 Secundam
784 865 980 936 coctionem
997 881 1111 954 vocat,
2057 900 2060 904 ·

115 997 198 1045 curn
222 971 262 1041 in
276 967 390 1061 Epate
408 964 533 1061 chylus
551 979 809 1038 transmutatur
826 967 870 1037 in¹
889 971 1112 1060 sanguinem.
1264 964 1406 1039 Accedo
1432 969 1478 1038 ad
1502 966 1657 1063 reliquas
1682 969 1874 1061 particulas
1894 966 2004 1044 huius
2032 969 2146 1067 Apho-

115 1075 159 1148 ln
173 1069 230 1143 his
246 1074 383 1142 duabus
405 1069 628 1140 coctionibus
650 1092 741 1160 opus
764 1082 816 1139 εει
838 1071 967 1163 quiete.
1019 1071 1111 1143 Nam
1162 1072 1272 1145 rismi.
1326 1069 1437 1142 Cibus
1459 1084 1495 1141 et
1519 1071 1674 1141 Somnus
1694 1074 1900 1145 conducunt
1914 1075 2148 1149 interioribus

116 1188 217 1248 motu
232 1170 493 1244 vehementiore
512 1171 687 1242 excutitur
703 1166 839 1266 belus
855 1196 897 1242 cx
911 1174 1110 1246 ventriculo
1162 1171 1322 1245 Galenus
1342 1175 1391 1243 sic
1413 1173 1595 1263 intelligit:
1629 1173 1786 1244 Somnus
1810 1189 1864 1246 est
1885 1177 2006 1265 cibus,
2040 1179 2149 1265 idest,

116 1293 178 1351 aut
194 1302 235 1348 ex
249 1273 382 1368 Epatc,
408 1287 443 1343 et
460 1273 630 1365 impletur
644 1297 773 1365 corpus
789 1275 930 1345 viciosis
946 1272 1111 1348 humori-
1162 1278 1329 1347 conducit
1345 1275 1595 1359 interioribus,
1619 1275 1722 1368 quasi
1738 1276 1849 1363 dicat,
1875 1279 1965 1349 sicut
1982 1282 2084 1351 calor
2096 1305 2150 1352 er·

116 1383 202 1465 bus,
245 1393 279 1449 et
308 1377 401 1446 vires
437 1375 628 1445 ventriculi
659 1391 692 1447 et
722 1373 847 1469 Epatis
879 1379 1111 1471 adfliguntur.
1162 1379 1291 1449 citatur
1311 1393 1412 1448 motu
1438 1377 1478 1444 in
1499 1378 1751 1463 exterioribus,
1780 1380 1828 1448 ita
1852 1401 1999 1451 somnus
2015 1395 2153 1455 revocat

118 1482 304 1554 Interdum
320 1479 425 1549 etiam
443 1478 529 1547 inde
542 1478 698 1548 existunt
714 1476 939 1555 Pleuritides.
990 1480 1112 1569 Quare
1161 1481 1313 1550 calorem
1334 1482 1388 1550 ¹ad
1412 1478 1602 1564 interiora,
1639 1493 1673 1549 et
1696 1479 1867 1550 interiora
1888 1498 2034 1554 recreat.
2093 1481 2152 1557 Est

117 1586 270 1660 maxime
283 1575 598 1674 reprehendendus
614 1593 666 1650 est
679 1602 757 1661 mos
770 1581 1027 1672 plurimorum,
1048 1583 1111 1677 qui
1160 1583 1271 1674 igitur
1286 1583 1433 1652 mirifica
1444 1581 1585 1652 collatio
1600 1579 1723 1652 Motus
1736 1595 1770 1652 et
1781 1581 1933 1671 Quietis.
1967 1582 2154 1659 Exteriore

114 1687 233 1760 statim
257 1709 277 1755 a
300 1684 380 1754 cibo
396 1683 661 1753 contentionem
682 1683 740 1752 vel
753 1685 913 1776 corporis
926 1685 983 1755 vel
998 1685 1111 1756 animi
1162 1687 1273 1775 magis
1301 1687 1472 1756 iuvantur
1503 1681 1627 1767 Motu,
1665 1682 1836 1754 interiora
1866 1683 1979 1775 magis
2014 1685 2153 1776 Quiete.

115 1789 325 1881 suscipiunt.
386 1784 497 1878 ldque
511 1785 622 1873 magis
637 1785 877 1878 perniciosum
893 1801 944 1857 est
958 1785 1110 1858 Germa·
1160 1785 1281 1876 Quare
1302 1801 1337 1860 et
1361 1798 1480 1855 motus
1495 1798 1531 1855 et
1553 1783 1682 1877 qnietis
1700 1787 1793 1856 vices
1810 1787 1996 1859 distribuit
2015 1804 2153 1877 natura,
2191 1822 2193 1874 5

114 1894 192 1977 nis,
225 1890 391 1984 quicum
412 1887 651 1956 ventriculum
669 1909 795 1975 magna
819 1889 913 1958 mole
931 1890 1002 1960 cibi
1021 1913 1110 1960 one-
1161 1905 1196 1960 et
1212 1888 1393 1961 observari
1407 1885 1572 1980 postulat.
1624 1882 1763 1958 ltaalio
1785 1886 2154 1987 locoinquitflippo-
2191 1880 2193 1901 ²

113 2006 260 2077 rarunt,
287 1990 432 2080 largiter
451 1988 555 2059 etiam
575 2001 663 2080 potu
685 1988 848 2076 diluunt,
874 2004 914 2061 ut
930 1991 1030 2063 cibus
1044 2015 1110 2062 na-
1159 2006 1286 2063 crates:
1326 1989 1500 2080 Vigilanti
1530 1988 1703 2059 exteriora
1733 1989 1921 2073 calidiora,
1962 1992 2154 2069 dormienti

113 2096 249 2169 tanain
269 2091 489 2177 ventriculo,
515 2093 630 2161 multo
654 2091 835 2162 difficilius
853 2094 963 2184 possit
978 2119 1110 2164 conco·
1160 2109 1284 2166 contra
1309 2094 1419 2183 magis
1442 2093 1556 2162 calent
1574 2090 1759 2167 interiora.
1811 2090 1919 2163 Item:
1947 2091 2154 2186 Sanguisin

113 2200 188 2296 qui.
249 2195 372 2288 ltaque
397 2207 531 2264 certum
557 2193 704 2263 exitium
735 2194 806 2264 sibi
837 2211 1022 2268 accersunt
1042 2195 1110 2284 illi,
1159 2221 1284 2269 somno
1308 2196 1419 2286 magis
1443 2195 1488 2263 ad
1511 2193 1682 2263 interiora
1701 2196 1787 2268 abit.
1845 2191 1970 2288 ltaque
1993 2209 2028 2267 et
2044 2197 2154 2269 iniu-

112 2303 176 2398 qni
197 2299 320 2372 referti
335 2297 413 2367 cibo
434 2319 475 2365 ac
497 2308 603 2389 potu,
626 2295 746 2366 statim
764 2298 903 2368 labores
918 2293 1109 2368 vehemen·
1158 2298 1462 2369 flammationibus
1476 2296 1686 2366 interiorum
1698 2298 1959 2381 membrorum,
1981 2322 2060 2369 non
2072 2324 2154 2389 con-

114 2406 222 2477 tiores
246 2399 454 2491 suscipiunt.
518 2396 665 2467 Possem
687 2398 799 2470 multa
830 2401 989 2493 exempla
1010 2425 1110 2470 com·
1158 2403 1299 2473 ceditur
1320 2401 1392 2470 nisi
1413 2400 1533 2470 brevis
1554 2419 1699 2468 somnus
1716 2398 1881 2490 aegrotis.
1935 2396 2021 2470 ldeo
2037 2416 2154 2475 amen

114 2528 311 2578 memorare
333 2500 661 2572 robustissimorum
684 2500 875 2586 iuvenum,
916 2503 1046 2596 quibus
1069 2503 1108 2572 in
1159 2505 1199 2574 in
1212 2527 1339 2574 somno
1356 2503 1454 2573 calor
1467 2516 1654 2571 revocatur
1666 2500 1706 2569 in
1724 2502 1916 2588 interiora,
1942 2502 2028 2596 quia
2043 2527 2153 2598 vapo-

113 2609 208 2681 ludis
223 2620 285 2677 aut
297 2602 540 2696 voluptatibus
557 2598 803 2674 vehementior
824 2616 965 2690 motus,
989 2605 1107 2675 statim
1159 2630 1214 2677 res
1237 2607 1334 2676 intus
1354 2605 1392 2673 vi
1413 2603 1540 2673 caloris
1563 2597 1730 2673 exhalant
1751 2605 1791 2673 in
1810 2607 2011 2677 cerebrum.
2037 2632 2040 2639 ·
2063 2604 2152 2679 cum

113 2723 284 2806 sequutus
304 2709 441 2790 cibum,
478 2704 624 2776 exitium
649 2705 779 2777 attulit.
833 2703 953 2797 Quare
968 2719 1108 2779 antece-
1158 2704 1274 2780 autem
1290 2707 1459 2778 interiora
1475 2718 1562 2776 tunc
1583 2705 1747 2794 rigentur
1760 2720 1794 2777 et
1814 2706 1975 2788 alantur,
2008 2723 2045 2780 et
2059 2709 2153 2779 calor

114 2816 203 2884 dant
226 2810 390 2880 exercitia
419 2808 551 2877 cibum.
613 2804 662 2878 Et
693 2807 777 2899 quia
802 2807 908 2878 etiam
931 2804 1109 2880 exhaustis
1158 2825 1365 2896 concurrat,
1398 2808 1511 2899 gignit
1532 2832 1594 2878 cor
1613 2808 1811 2900 plurimum
1833 2809 2026 2900 spirituum
2053 2811 2092 2881 in
2114 2834 2151 2881 ss

113 2913 322 3007 corporibus
345 2923 449 2979 nocet
472 2921 589 2981 motus
606 2909 714 3002 paulo
729 2903 995 2997 vehementior,
1026 2911 1107 2983 ideo
1158 2915 1288 3009 quiete.
1352 2911 1574 2982 Recreantur
1610 2911 1728 3005 itaque
1758 2911 1932 3002 interiora
1964 2913 2151 3005 praecipue

114 3014 375 3088 Galenusillud
389 3025 527 3102 tempus
536 3010 662 3082 tribuit
677 3011 869 3099 exercitiis,
885 3037 966 3085 cum
977 3015 1108 3106 postri-
1158 3018 1238 3087 cibo
1252 3028 1286 3085 et
1301 3037 1438 3087 somno.
1489 3009 1538 3082 Et
1550 3026 1591 3084 ut
1605 3013 1702 3082 calor
1716 3025 1901 3083 revocatus
1916 3013 1956 3082 in
1971 3014 2150 3099 interiora,

114 3121 172 3191 dic
187 3119 312 3190 ultima
335 3117 373 3186 bt
390 3115 524 3198 coctio,
552 3113 737 3196 videlicet,
763 3137 843 3183 cum
868 3116 1010 3204 sanguis
1027 3139 1109 3207 per·
1156 3119 1314 3211 perficiat
1327 3115 1541 3200 coctionem,
1567 3115 1688 3185 debita
1700 3114 1819 3184 somni
1833 3128 1995 3207 tempora
2010 3140 2150 3186 serven·

113 3236 233 3293 coctus
254 3221 295 3289 in
315 3217 415 3287 venis
436 3217 471 3284 vi
494 3214 621 3286 caloris
644 3214 783 3299 vitalis,
816 3240 924 3308 quem
945 3213 1108 3290 Arteriae
1157 3237 1235 3306 tur,
1261 3220 1324 3315 qni
1342 3219 1669 3289 caloremaccersat.
1720 3213 1802 3288 Erit
1816 3217 1925 3306 igitur
1937 3219 2149 3289 conveniens
2190 3282 2193 3297 ,

112 3327 213 3395 venis
237 3319 431 3413 implicitae
447 3311 648 3403 advehunt,
679 3318 832 3388 vertitur
853 3316 891 3387 in
907 3320 1106 3391 nutrimen-
1159 3323 1333 3394 exercitiis
1355 3335 1494 3413 tempus
1517 3333 1599 3390 ante
1616 3320 1787 3411 prandia,
1811 3319 1892 3389 etsi
1909 3321 2063 3412 prandia
2079 3342 2147 3390 uon
2188 3334 2193 3355 ¹

112 3435 189 3498 tum
211 3421 382 3494 membris
405 3419 630 3490 conveniens.
692 3418 739 3492 Ut
762 3421 857 3489 enim
872 3445 952 3492 caro
967 3423 1107 3492 avidius
1156 3429 1302 3498 luerunt
1324 3424 1505 3513 longiora,
1540 3435 1623 3493 ante
1655 3446 1794 3492 coenas.
1856 3422 1985 3492 Somni
2016 3435 2147 3513 tempus

111 3528 260 3621 accipiat
291 3521 359 3596 hoc
381 3523 661 3608 nutrimentum,
691 3523 897 3595 excitandus
927 3538 978 3594 est
1000 3525 1107 3594 calor.
1157 3542 1301 3621 aptum,
1331 3550 1406 3596 non
1430 3525 1538 3594 nimis
1563 3525 1671 3615 longo
1695 3523 1885 3596 intervallo
1898 3538 1982 3617 post
1997 3547 2147 3605 coenam,

113 3630 203 3701 Inde
225 3626 378 3714 intelligi
398 3638 531 3718 potest,
559 3648 668 3717 quare
690 3620 748 3694 hic
765 3626 894 3695 dixerit
906 3624 1107 3719 Hippocra'·
1157 3634 1217 3702 sed
1233 3643 1420 3722 postquam
1435 3629 1506 3696 iam
1525 3626 1686 3697 subsedit
1699 3629 1799 3697 cibus
1816 3627 1856 3695 in
1871 3626 2095 3710 ventriculo,
2118 3639 2147 3695 ct

112 3749 182 3806 tes:
213 3729 334 3801 Labor
356 3729 499 3820 prodest
519 3727 629 3799 carni.
680 3723 860 3797 Conducit
880 3728 974 3797 enim
989 3729 1107 3822 tripli·
1157 3728 1323 3803 inchoata
1341 3747 1393 3801 est
1408 3730 1532 3805 coctio.
1585 3727 1691 3800 Tunc
1706 3730 1800 3798 enim
1818 3729 2147 3800 maximerevocan-

113 3836 219 3918 citer,
241 3832 368 3904 excitat
383 3830 553 3910 calorem,
572 3841 612 3898 ul
625 3828 765 3898 avidius
778 3829 927 3921 recipiat
940 3854 1022 3900 caro
1038 3855 1107 3901 nu·
1158 3839 1225 3907 dus
1241 3835 1346 3906 estin
1362 3834 1532 3903 interiora
1548 3834 1655 3905 calor.
1706 3832 1803 3903 Haec
1816 3831 2008 3901 intervalla
2030 3829 2147 3925 siquis

113 3938 342 4018 trimentum,
375 3944 411 4002 et
432 3932 491 4002 bat
509 3930 698 4021 glutinatio
717 3943 753 4000 et
768 3931 952 4002 conversio
967 3933 1005 4002 in
1022 3933 1106 4003 sub·
1157 3938 1385 4009 mediocriter
1408 3935 1663 4020 observaverit,
1695 3935 1841 4014 sentiet,
1875 3933 1946 4002 sibi
1960 3927 2057 4005 hanc
2070 3931 2145 4003 dili

113 4039 278 4112 stantiam
304 4034 393 4106 aliti.
450 4030 636 4113 Secundo,
670 4047 787 4104 motus
804 4034 948 4126 expellit
963 4035 1107 4106 inutiles
1158 4041 1313 4131 gentiam
1331 4040 1435 4108 valde
1449 4039 1637 4128 prodesse,
1661 4031 1805 4106 Etcum
1821 4036 1861 4103 in
1875 4033 2078 4127 praeseutia
2092 4056 2147 4103 va-
2190 4085 2193 4107 .

113 4138 386 4233 superfluitates.
438 4134 582 4217 Tertio,
608 4135 727 4206 reddit
745 4158 885 4204 carnem
903 4136 1105 4230 spissiorem
1158 4143 1318 4213 letudine
1334 4140 1643 4219 uteturfirmiore,
1677 4151 1711 4208 ct
1725 4138 1842 4210 studia
1858 4149 1893 4208 ct
1907 4138 2053 4228 negotia
2066 4135 2146 4206 laci·

113 4260 149 4317 et
173 4241 389 4314 solidiorem.
447 4234 568 4307 Eiecta
591 4238 686 4307 enim
707 4237 829 4307 inutili
852 4241 1108 4331 superfluitate,
1158 4246 1230 4315 lius
1253 4245 1425 4315 sustinere
1448 4242 1596 4335 poterit:
1623 4238 1718 4311 Tum
1733 4266 1818 4310 vero
1834 4239 1941 4309 etiam
1957 4240 2072 4310 vitam
2085 4237 2168 4307 sibi·

112 4346 240 4416 melius
255 4343 478 4433 glutinantur
492 4355 627 4432 partes,
653 4352 688 4410 et
699 4353 816 4410 motus
831 4341 1011 4412 desiccans
1025 4343 1107 4412 red·
1158 4345 1381 4441 prorogabit,
1404 4358 1439 4415 et
1449 4358 1625 4416 senectam
1633 4338 2000 4414 habebitvalidiorem
2014 4354 2147 4414 ettran·

111 4449 164 4519 dit
179 4470 327 4537 corpora
345 4443 525 4536 spissiora.
1158 4449 1374 4544 quilliorem.
1424 4444 1519 4518 Dixi.

216 4547 286 4620 Sed
309 4546 494 4618 obscurius
519 4559 588 4625 est,
613 4544 709 4638 quod
727 4544 794 4616 ait:
819 4542 1013 4632 Laborem,
1039 4539 1107 4615 boc

115 4665 184 4732 est,
208 4649 372 4719 exercitia
390 4649 555 4742 prodesse
573 4643 757 4717 Articulis.
810 4644 903 4718 Cum
927 4662 1043 4719 antem
1061 4649 1104 4717 ad

114 4752 283 4825 articulos
298 4752 471 4842 plurimae
487 4746 747 4841 superfluitates
765 4750 1005 4839 expellantur,
1031 4774 1106 4818 non

113 4877 212 4926 secus
234 4877 274 4922 ac
298 4853 562 4943 tempestatibus
584 4874 624 4921 ac
647 4850 779 4943 pluviis
795 4853 988 4942 putrebunt
1003 4852 1106 4921 funes

114 4958 153 5026 in
184 4955 353 5034 navibus,
385 4955 433 5024 ita
458 4954 560 5023 nervi
589 4955 817 5024 resolvuntur
848 4954 886 5021 in
916 4953 1105 5039 musculis,
1175 4929 1243 5004 No.
1264 4926 1321 5005 ¹5·
1978 4952 2029 4994 ¹¹¹·
2051 4929 2138 4995 1⁵³⁸·

114 5059 221 5130 obsiti
244 5058 341 5126 lento
367 5070 400 5125 et
421 5056 551 5146 frigido
576 5050 740 5125 humore.
800 5049 904 5147 Opus
924 5070 976 5126 est
998 5056 1107 5146 igitur
1164 5042 1335 5070 Ἃ
1973 5036 2140 5068 Μ

114 5175 212 5231 motu
231 5162 277 5229 ad
290 5158 482 5229 eliciendos
497 5158 579 5227 illos
592 5158 707 5238 lentos
728 5151 913 5243 humores,
939 5162 1032 5229 etad
1050 5183 1107 5227 re·
1229 5178 1261 5231 ιιι
1273 5177 1386 5247 Quaeri.
1399 5193 1426 5246 p.
1443 5175 1475 5230 tt
1486 5173 1512 5231 b.
1549 5176 1617 5230 trem
1631 5173 1703 5245 apud
1713 5173 1802 5228 Μιιιι.
1814 5172 1911 5244 potu
1930 5182 1958 5225 ιι
1973 5174 2003 5228 ιιι
2017 5170 2147 5231 Τοωιιι

6 5295 16 5304 ·
117 5264 314 5335 vocandum
337 5260 489 5331 calorem
505 5260 723 5345 naturalem,
748 5272 789 5330 ut
808 5261 910 5329 nervi
925 5260 1026 5351 fungi
1042 5285 1106 5332 suo
1262 5245 1556 5369 D‘ffi²¹·d¹³iftf⁰cfgg
1573 5243 1698 5368 ¹3¹&ss
1710 5242 2150 5384 amfivlnp⁰⁰ld6¹li⁰u¹=fflg

116 5387 264 5436 munere
282 5363 432 5456 possint.
493 5361 625 5454 Magna
641 5361 795 5452 dignitas
811 5377 881 5448 est,
910 5361 1108 5453 magnavis
1261 5336 1395 5440 bendani
1411 5354 1609 5456 descripu'esc.
1686 5349 1694 5366 ’
1745 5350 1752 5367 ’
1806 5348 1815 5368 ’
1869 5350 1920 5368 ”
1991 5349 2018 5382 '’
