4546 5760
111 102 235 248 on·
597 128 902 259 ιιιοριιιι
934 163 1009 241 ur
1041 162 1273 247 anavus
1304 162 1655 246 coucaonus
1912 178 1914 180 ·
2074 167 2152 248 an

135 380 143 397 ·
193 344 254 418 Tu
269 343 346 440 ipse
359 359 413 432 tot
426 344 575 416 vulnera
591 342 665 413 lilio
673 340 743 413 Dei
756 339 928 434 pendenti
942 339 981 410 in
997 363 1101 413 cruce
1152 364 1259 437 quam
1289 341 1390 436 quod
1416 338 1551 414 Paulus
1578 342 1715 438 iuquit,
1754 342 1993 418 conscientias
2021 367 2046 416 a
2073 341 2152 418 Deo

111 448 217 535 facis,
231 448 370 544 quoties
385 447 643 520 contumaciter
656 445 768 515 violas
781 445 895 535 legem
903 441 991 529 Dei,
1003 456 1101 538 post-
1152 442 1276 525 avelli,
1305 457 1340 514 et
1360 442 1438 513 lieri
1452 439 1572 517 hostes
1585 442 1672 528 Dei,
1696 446 2059 519 sisint'contumaces
2076 471 2153 521 ιιιι·

114 577 223 646 quam
238 551 415 641 agnovisti
431 550 642 622 beneficium
665 546 731 618 blii
749 543 838 633 Dei,
864 546 928 641 qui
942 546 1021 617 vult
1034 569 1101 617 nos
1151 544 1368 642 gistratibus.
1420 544 1520 637 Quid
1534 560 1718 620 astantem
1733 548 1884 636 tristius,
1911 573 2020 644 quam
2037 574 2059 620 a
2075 546 2153 623 Deo

113 679 178 748 pro
201 654 448 748 redemptione
471 665 588 743 gratos
606 673 701 736 esse,
740 662 775 719 et
797 645 891 719 hanc
912 648 1101 738 gratitudi-
1152 648 1316 719 avulsum
1339 659 1374 719 et
1395 647 1603 722 damnatum
1619 651 1716 721 esse?
1767 648 1853 723 ldeo
1867 665 2016 745 propter
2032 648 2153 724 Deum

114 781 196 829 nem
212 752 280 826 boc
300 755 419 826 officio
439 755 637 835 declarare,
662 752 827 824 videlicet
843 750 1028 841 diligentia
1044 751 1101 843 pie
1152 749 1282 821 flectite
1312 749 1451 822 animos
1480 753 1525 823 ad
1547 752 1644 846 piam
1666 753 1908 825 obedientiam
1931 777 2016 846 erga
2039 753 2157 848 magi-

113 860 351 950 regendorum
371 880 533 943 morum,
559 880 665 951 quam
687 869 727 926 ut
752 853 954 946 praestetis,
980 868 1016 925 ιι
1040 877 1102 923 ve-
1153 865 1301 939 stratus,
1326 876 1393 945 pro
1415 879 1487 948 quo
1510 854 1628 926 officio
1643 853 1741 928 Deus
1756 855 1914 949 praemia
1930 858 2104 929 daturum
2119 879 2157 929 ae

112 976 185 1033 stra
200 961 366 1031 voluutas
380 959 497 1029 anniti
511 960 634 1044 debet,
659 973 691 1027 et
709 955 806 1028 Deus
823 970 987 1027 aeternus
1003 968 1103 1048 pater
1153 953 1332 1046 promittit
1360 954 1400 1023 in
1429 950 1498 1027 hoc
1528 973 1735 1050 praecepto:
1769 956 1920 1030 Honora
1948 974 2092 1051 patrem
2121 971 2157 1032 et

113 1063 254 1134 domini
278 1062 391 1133 nostri
416 1059 496 1132 lesu
520 1056 643 1133 Christ
661 1061 820 1130 orandus
842 1071 913 1144 est,
937 1058 1103 1152 quivult
1154 1069 1323 1144 matrem,
1348 1068 1389 1128 ut
1409 1057 1457 1128 sis
1480 1058 1675 1150 longaevae
1694 1084 1802 1154 super
1815 1075 1961 1136 terram.
2011 1058 2157 1133 Deinde

114 1169 199 1236 dare
220 1147 396 1257 Spiritum
413 1176 594 1249 sanctum,
620 1187 694 1232 uon
719 1161 1010 1247 contumacibus,
1038 1159 1102 1254 qui
1155 1170 1390 1246 mementote,
1423 1156 1571 1233 Scholas
1603 1176 1738 1254 partem
1772 1187 1846 1233 esse
1874 1159 2058 1234 Ecclesiae
2088 1161 2157 1236 Dei

113 1269 233 1339 laxant
265 1268 385 1337 frenos
419 1265 588 1337 omnibus
620 1264 893 1357 cupiditatibus,
939 1264 1022 1348 sed,
1062 1276 1104 1333 ιιι
1155 1262 1394 1354 praecipuam.
1446 1258 1531 1335 ldeo
1547 1263 1625 1335 sitis
1638 1266 1888 1348 modestiores,
1914 1264 2062 1336 nemali
2076 1290 2159 1337 mo-

114 1366 277 1444 Christus
300 1369 438 1462 inquit,
462 1369 526 1451 iis,
552 1367 615 1463 qui
640 1378 787 1458 petunt,
821 1365 1007 1448 modestis,
1043 1388 1104 1434 co-
1155 1386 1212 1433 res
1234 1364 1449 1435 dedecorent
1466 1360 1662 1438 Ecclesiam
1686 1367 1841 1458 Dei‚‚et
1864 1391 2068 1440 moerorem
2092 1371 2159 1439 ad·

114 1472 311 1564 gitantibus
334 1474 379 1541 de
394 1469 462 1542 Dei
479 1471 682 1554 voluntate,
708 1484 742 1540 et
757 1468 960 1562 petentibus
979 1467 1103 1537 divina
1155 1467 1272 1538 ferant
1285 1464 1437 1558 Spiritui
1452 1482 1574 1540 sancto
1590 1469 1630 1539 in
1646 1470 1765 1544 bonis.

113 1574 294 1646 beneficia.
659 1565 660 1568 ¹
1256 1564 1362 1638 Nunc
1389 1594 1475 1639 vero
1503 1570 1573 1642 tihi
1602 1565 1690 1642 ltaec
1714 1568 1880 1645 Rectoris
1909 1571 2011 1664 signa
2042 1574 2159 1645 trado·

104 1735 106 1739 ,
134 1689 138 1694 ·
215 1673 313 1745 Haec
344 1689 379 1745 et
408 1675 470 1744 alii
498 1697 601 1765 saepe
627 1687 791 1759 monent,
819 1686 854 1744 et
876 1672 921 1742 ad
946 1669 1104 1742 officium
1157 1663 1206 1740 Et
1228 1693 1310 1741 eum
1326 1670 1423 1742 filius
1435 1668 1524 1756 Dei,
1545 1673 1714 1746 dominus
1728 1687 1849 1745 noster
1864 1670 1963 1744 lesus
1977 1669 2160 1764 Christus,

114 1775 279 1853 Rectoris
304 1777 477 1869 pertinet,
511 1778 597 1848 tales
619 1771 980 1846 commonefactiones
1001 1772 1106 1843 vobis
1157 1772 1343 1842 crucifixus
1370 1797 1437 1866 pro
1464 1774 1571 1845 nobis
1592 1788 1629 1848 et
1650 1776 1896 1862 resuscitatus,
1935 1777 2159 1868 promiserit,

114 1903 333 1973 proponere,
359 1903 446 1973 quas
460 1901 563 1970 spero
579 1878 675 1947 sanis
690 1891 724 1948 et
746 1876 1105 1947 medioc'ritermora-
1157 1895 1195 1944 se
1221 1895 1360 1966 semper
1386 1876 1594 1950 adfuturum
1617 1872 1798 1949 Ecclesiae
1819 1877 2006 1949 invocanti
2026 1879 2159 1972 ipsum,

114 1983 161 2053 tis
187 1994 304 2074 gratas
325 1963 409 2052 esse.
460 1976 578 2050 Deum
601 1994 718 2050 autem
743 1992 928 2049 aeternum
952 2000 1033 2064 oro,
1061 1990 1107 2048 ιιι
1157 1998 1244 2058 oro,
1273 1991 1315 2048 ut
1333 1976 1411 2069 ipse
1433 1972 1519 2051 huic
1541 1980 1637 2071 parti
1658 1977 1855 2067 Ecclesiae,
1880 1980 2016 2054 scilicet
2036 1981 2159 2055 coetui

115 2086 191 2178 ipse
213 2096 360 2177 propter
384 2079 581 2154 Ecclesiam
604 2105 670 2151 uos
699 2105 823 2152 omues
842 2082 1037 2173 gubernet,
1071 2093 1105 2150 et
1158 2071 1368 2151 scholastico
1387 2079 1548 2167 intersit,
1572 2094 1609 2153 et
1631 2095 1666 2152 te
1688 2094 1724 2153 et
1745 2105 1812 2152 nos
1829 2105 1954 2152 omnes
1967 2085 2159 2174 gubernet,

114 2211 181 2258 nos
195 2209 280 2259 vasa
295 2184 559 2255 misericordiae
574 2183 689 2260 saciat.
740 2180 837 2259 Dixi.
1157 2179 1231 2250 imo
1247 2192 1288 2252 ut
1303 2179 1379 2273 ipse
1394 2204 1460 2274 per
1476 2206 1551 2254 sese
1564 2183 1612 2256 sit
1623 2181 1759 2256 Rector
1771 2198 1914 2255 nostrae
1927 2181 2158 2273 Academiae,

1158 2280 1247 2352 sicut
1270 2306 1353 2353 vere
1374 2297 1426 2356 cst
1440 2281 1606 2356 Pontifex
1623 2299 1658 2357 et
1672 2300 1779 2378 caput
1790 2282 1972 2356 Ecclesiae
1986 2310 2097 2375 suae,
2120 2302 2157 2361 et

1157 2397 1273 2467 servet
1286 2385 1404 2457 studia
1417 2388 1613 2474 domninae,
1638 2411 1822 2482 perquam
1838 2388 2158 2478 celebraturDcua,

1157 2498 1194 2556 et
1221 2509 1306 2558 vera
1335 2486 1512 2561 invocatio
1540 2502 1575 2562 et
1602 2488 1718 2561 officia
1739 2487 1817 2561 Deo
1845 2503 1945 2581 grata
1967 2495 2158 2569 docentur.

81 2695 85 2703 ,
135 2625 201 2699 No.
216 2633 278 2704 ae.
884 2629 1106 2701 numana.
1156 2584 1254 2661 ⁰¹¹¹·

124 2725 297 2755 m
886 2723 1100 2762 Μ

205 2845 241 2899 In
260 2841 422 2916 Quaestion.
433 2841 468 2896 ab
482 2839 575 2896 Ebero
586 2838 664 2895 editis
681 2855 711 2911 p.
730 2835 804 2896 tttb
821 2856 865 2913 aq.

252 3023 383 3094 Oratio
408 3024 453 3093 ln
479 3019 764 3092 renunciatione
787 3021 966 3092 Reclusis.
1167 2994 1335 3122 Q
1638 3022 1645 3043 ‘
1952 3009 2142 3082 x111.th

116 3161 230 3267 Quod
261 3173 417 3243 faustum
452 3183 487 3239 et
508 3168 617 3238 foelix
643 3168 709 3254 sit,
742 3168 875 3240 electus
897 3179 950 3239 ιιι
970 3163 1105 3243 Rector

115 3274 347 3357 Academiae,
376 3271 434 3340 vir
446 3273 575 3341 doctus
595 3283 630 3340 et
645 3265 837 3355 honestus,
861 3272 955 3341 etde
969 3272 1104 3359 multis,

98 3381 207 3472 'quos
227 3375 380 3447 fideliter
403 3371 580 3457 erudivit,
612 3372 896 3457 benemeritus,
931 3371 1105 3464 Magister
1158 3407 1381 3478 Gratiam,
1415 3410 1527 3479 amo,
1585 3405 1687 3482 pm
1723 3405 1821 3486 Mep,
1848 3417 2040 3513 Mafflw
2085 3396 2177 3492 lo?

116 3474 309 3553 Iohannes
324 3466 933 3596 Marcellusllegiomontanusff.
985 3473 1104 3548 Huius
1165 3505 1313 3581 gam·
1336 3505 1550 3582 Mopsum,
1574 3517 1823 3609 memmi,
1842 3515 1956 3594 154&
1980 3517 2019 3596 τ’
2037 3519 2144 3596 Febr·

111 3581 325 3655 ’electionem
344 3581 445 3667 vobis
465 3578 607 3670 publice
626 3600 813 3651 renuncro.
864 3575 1003 3651 Multae
1020 3593 1104 3651 sunt
1145 3665 1156 3682 ,
2053 3646 2061 3666 ,

117 3687 213 3756 enim
234 3705 376 3763 musae,
403 3680 588 3751 curtalem
610 3678 918 3782 renunciationem
938 3679 1016 3750 lieri
1036 3705 1105 3774 pu·
1155 3684 1240 3768 Etsi
1264 3695 1422 3786 gaudeo,
1454 3688 1518 3766 has
1542 3711 1659 3788 partes
1683 3699 1825 3773 dicendi
1850 3701 1942 3776 mihi
1964 3710 2152 3786 attributae

115 3789 207 3860 blice
230 3786 361 3855 deceat.
411 3781 485 3852 Vos
503 3804 644 3850 necesse
668 3794 721 3851 est
739 3781 847 3867 scire,
873 3782 932 3852 cui
957 3786 1104 3854 maude-
1155 3821 1247 3886 ειη,
1273 3796 1312 3867 in
1334 3797 1466 3891 quibus
1488 3821 1626 3871 summa
1648 3816 1700 3872 est
1720 3803 1799 3876 laus
1820 3807 1948 3896 officii,
1976 3814 2153 3901 videlicet,

116 3905 177 3962 tur
188 3883 438 3977 Magistratus,
463 3896 498 3954 et
510 3882 600 3953 utile
615 3894 685 3968 est,
711 3907 767 3954 me
782 3895 816 3953 et
830 3881 1001 3954 Senatum
1011 3883 1104 3956 Aca·
1155 3913 1196 3971 m
1213 3922 1317 3995 ¹agam
1339 3900 1469 3989 gratias
1482 3897 1560 3970 Deo
1581 3917 1616 3974 et
1636 3902 1699 3990 iis,
1724 3908 1788 4000 qui
1808 3909 1926 3982 studia
1947 3928 2074 3988 nostra
2091 3920 2153 3989 ad·

116 3992 255 4063 demiae
276 3990 392 4081 palam
420 3985 596 4078 profiteri,
634 4006 701 4055 nos
722 3985 905 4081 communi
930 4010 1105 4059 consensu
1157 4001 1338 4074 iuverunt:
1371 4013 1492 4072 tamen
1521 4002 1646 4090 doleo,
1679 4030 1736 4077 me
1764 4012 1929 4084 oratione
1952 4039 2030 4087 non
2053 4043 2153 4112 posse

117 4090 203 4166 huic
217 4091 468 4182 Mssdlfflfflm
484 4089 690 4172 mandam,
715 4100 750 4159 0¹
764 4087 922 4158 studium
946 4101 982 4161 01
999 4103 1104 4160 ⁸⁰¹0·
1155 4104 1241 4175 satis
1259 4105 1440 4179 declarare
1463 4117 1626 4176 nostmm
1649 4107 1824 4183 iudicium
1838 4117 1883 4185 de
1900 4111 1957 4186 lais
1973 4118 2153 4194 benefieiis

117 4199 259 4269 ritatem
272 4196 314 4265 ad
326 4216 406 4263 eum
418 4190 630 4275 iuvandum,
646 4203 681 4261 et
689 4190 1105 4284 tuendamdisciplinam‚
1156 4219 1191 4276 et
1217 4207 1383 4299 pietatem
1414 4228 1496 4296 erga
1525 4224 1780 4300 praeceptores.
1848 4214 1980 4309 Ingens
2003 4224 2152 4296 omnino

117 4299 310 4371 collaturos
342 4318 427 4365 esse.
485 4288 727 4385 Praecipimus
757 4305 876 4363 autem
903 4293 1025 4375 vobis,
1064 4308 1105 4368 ut
1155 4305 1224 4379 Dei
1246 4307 1457 4378 beneficium
1478 4320 1549 4395 est,
1574 4314 1670 4403 quod
1690 4336 1765 4385 non
1781 4317 1897 4389 solum
1914 4324 2080 4399 condidit
2095 4350 2152 4418 ge·

117 4413 322 4473 reverenter
344 4392 430 4468 huie
450 4390 598 4468 Rectoci
613 4391 827 4466 Academiae
845 4406 988 4466 nostrae
1001 4395 1105 4466 dein·
1156 4434 1224 4480 nus
1245 4405 1462 4490 humanum,
1488 4412 1550 4480 sed
1571 4433 1608 4482 se
1629 4412 1735 4486 ctiam
1758 4420 1939 4509 patefecit,
1966 4449 2008 4497 ac
2021 4430 2151 4502 tradita

118 4527 199 4595 ceps
221 4498 490 4590 obtemperetis,
519 4508 666 4589 propter
687 4498 897 4569 mandatum
929 4498 1105 4584 divinum,
1156 4512 1319 4585 doctrina
1333 4512 1574 4583 ministerium
1592 4513 1766 4604 instituit,
1790 4546 1863 4615 quo
1877 4524 1956 4597 vult
1975 4551 2054 4599 eam
2068 4556 2152 4624 pm.

119 4606 216 4701 quod
231 4599 569 4692 Paulusbpostolus
586 4594 642 4697 bis
658 4599 932 4672 verbisrecitat:
956 4599 1105 4674 Necesse
1157 4615 1292 4707 pagari.
1346 4611 1429 4684 Non
1459 4613 1569 4705 igitur
1598 4617 1714 4689 maius
1742 4622 1953 4697 beneficium
1988 4624 2150 4705 homines

118 4720 172 4780 est
186 4703 352 4789 obedire,
368 4726 441 4773 nou
456 4701 571 4800 solum
587 4715 734 4794 propter
748 4699 857 4784 iram,
880 4701 919 4772 id
937 4717 1004 4790 est,
1018 4729 1105 4797 pro·
1155 4712 1367 4788 hominibus
1398 4716 1582 4809 impertire
1610 4735 1778 4810 possunt,
1826 4750 1935 4820 quam
1967 4733 2152 4807 doctrinae

118 4827 381 4903 parmenas,
422 4805 483 4875 sed
517 4802 622 4874 etiam
659 4816 806 4896 propter
838 4805 1105 4882 conscientiam.
1155 4817 1534 4904 communicationem,
1573 4819 1613 4888 in
1640 4847 1709 4917 qua
1740 4825 1861 4900 fideles
1883 4832 2051 4904 doctores
2071 4861 2151 4908 vere

118 4911 216 4984 Haec
245 4909 355 4979 verba
381 4905 519 4996 infigite
547 4904 686 4976 intimis
715 4907 877 4977 sensibus
909 4920 1103 4996 pectorum·
1156 4934 1241 4991 sunt
1264 4912 1438 5020 σύνεργοι
1459 4920 1556 4994 θεοῦ
1561 4973 1575 5009 ,
1602 4937 1639 4994 et
1660 4928 1704 4997 ad
1725 4923 1843 5000 Deum
1866 4935 2053 5008 auditores
2076 4963 2150 5011 non

4 5021 6 5025 ’
119 5010 221 5105 Nihil
243 5011 340 5082 enim
364 5008 434 5079 dici
449 5007 591 5098 gravius
606 5021 720 5097 potest
742 5011 788 5078 ad
803 5008 1030 5080 sanciendam
1046 5012 1104 5082 di·
1157 5036 1380 5094 contumaces
1402 5024 1597 5098 adducunt.
1650 5024 1728 5099 lmo
1745 5038 2005 5124 propemodum
2019 5044 2152 5114 utfoe.

60 5182 69 5191 ,
120 5116 326 5209 scipliuam,
352 5125 387 5184 et
408 5112 453 5181 ad
474 5109 713 5181 muniendum·
729 5111 892 5182 ordinem
908 5112 1106 5204 politicum,
1157 5138 1214 5198 tus
1234 5125 1273 5193 in
1296 5126 1378 5195 alvo
1400 5139 1562 5198 materno
1584 5145 1746 5203 servatur
1767 5146 1802 5206 et
1824 5160 1890 5227 per
1911 5141 2152 5236 cotyledones,

119 5279 306 5297 *-
1156 5242 1325 5320 tanquam
1344 5229 1581 5318 personales,
1606 5231 1716 5304 alitur
1732 5234 1823 5306 lacte
1836 5252 2019 5313 materno:
2046 5246 2151 5319 sicin

153 5360 183 5432 ²⁸)
201 5361 228 5416 Ιι
240 5357 343 5415 Rector
354 5354 441 5416 Acad.
454 5353 557 5412 clcctua
570 5363 612 5411 est
625 5353 653 5412 d.
667 5356 692 5411 l.
701 5352 770 5410 atati
784 5352 861 5410 1646.
1156 5329 1238 5402 81Ἷο
1252 5325 1448 5414 Εθῦιθῧίὃθι
1474 5329 1513 5402 ld
1535 5345 1607 5417 θοιι
1633 5332 1672 5404 in
1688 5337 1826 5429 Κῗθωῖθ
1842 5341 2151 5460 d⁰0l⁰mmgffl¹

1225 3228 1398 3303 anama
1414 3229 1782 3294 consonuerunt.
1802 3253 1830 3309 ρ.
1845 3235 1923 3297 ron·
