4546 5760
106 166 169 245 m
267 174 331 273 j
454 158 1443 249 scnvvraanvrnaunrosrrou
1478 163 1793 255 unctuosa
2079 188 2163 265 ise

107 388 112 397 ,
205 336 307 429 Quid
323 354 443 413 sotem
458 344 504 415 do
517 346 697 415 donorum
712 342 920 414 excellentia
937 355 973 413 et
986 341 1103 412 varie-
1152 332 1241 409 baec
1260 333 1381 410 schola
1404 351 1440 410 ct
1460 341 1558 431 regio
1582 346 1719 434 amisit,
1758 354 1973 442 portendere
1994 360 2148 449 videtur,

104 454 174 515 tate
192 440 340 513 dicam?
365 446 498 538 quibus
522 447 645 516 divina
664 445 825 516 bonitate
842 445 1037 515 instructus
1050 456 1103 513 tot
1153 442 1311 510 dolorem
1346 456 1508 513 nostrum
1541 464 1666 535 anget,
1701 474 1806 544 quem
1840 454 1971 529 inflixit
2001 462 2145 536 amissio

103 558 340 615 monument,
373 547 518 617 utilium
553 547 767 639 scriptorum
801 547 931 630 edidit,
970 545 1101 638 quibus
1152 543 1242 612 tanti
1265 556 1298 613 et
1313 543 1392 613 talis
1407 544 1575 635 praesidii
1591 561 1626 619 ct
1642 555 1842 625 ornamenti
1857 554 2008 633 Scholae
2025 562 2146 637 etEt-

102 664 231 719 ,ΜΒ
262 658 380 737 popm
409 644 660 740 philosophiae
685 644 875 739 insigniter
899 647 1101 732 illustravit,
1150 642 1273 714 clesiae
1298 638 1416 715 huius.
1466 645 1549 718 Non
1575 648 1684 740 igitur
1708 657 1814 727 nobis
1833 673 1884 731 cst
1900 683 1989 753 opus
2001 668 2144 759 sapien-

101 760 136 819 gp
161 746 207 817 j„
225 749 479 838 „pop-potione
501 751 685 821 doctrinae
710 750 869 819 coelestis
902 749 1098 818 reverendo
1150 744 1276 815 tissimi
1301 744 1483 818 Siracidae
1500 749 1559 839 pia
1574 759 1930 848 commonefactioue,
1956 768 2144 840 utdellcass

100 848 183 921 siro
196 844 352 919 Ductori
365 843 727 937 MartinoLuthero,
749 850 923 921 divinitus
937 850 1099 934 excitato,
1149 870 1228 916 mus
1248 861 1397 917 mortem
1423 845 1531 920 huius
1552 854 1625 922 cari
1649 858 1759 946 patris
1783 863 1915 950 nostri,
1942 890 1986 937 ne
2003 863 2140 965 ἀστορ-

99 948 185 1027 ffl
262 962 299 1021 et
311 974 434 1022 mm
448 967 485 1024 a
507 953 633 1024 uppem
655 946 900 1047 παραστάτην
919 947 985 1023 καὶ
1006 944 1098 1022 σύν.
1147 942 1233 1045 γίας
1252 948 1308 1017 vel
1330 946 1580 1045 ἀναισθησίας
1601 956 1730 1030 stoicae
1750 964 1796 1032 ab
1818 963 1897 1033 aliis
1925 990 2138 1045 accusemur.

100 1072 218 1149 ‘pror
236 1072 277 1123 oe
297 1053 480 1143 probavit,
506 1055 543 1124 id
568 1056 664 1149 quod
679 1056 821 1147 publica
837 1054 966 1144 scripta
985 1054 1098 1144 ipsius
1148 1048 1228 1120 Non
1256 1064 1307 1121 est
1331 1052 1436 1122 nobis
1458 1077 1549 1149 opus
1570 1060 1800 1146 practicarum
1826 1064 2037 1156 lugubribus
2052 1096 2139 1144 con·

101 1152 353 1240 testabuntur,
388 1155 434 1225 de
460 1156 593 1250 quibus
617 1181 697 1226 cum
725 1157 801 1247 ipse
825 1155 977 1225 voluerit
1001 1155 1098 1223 iudi·
1148 1152 1311 1222 centibus
1334 1166 1370 1223 et
1393 1149 1548 1226 threnisz
1574 1161 1672 1229 omni
1693 1166 1917 1238 arteanimos
1932 1174 1977 1240 ad
1993 1175 2139 1247 moesti-

99 1252 200 1325 cium
223 1276 302 1325 esse
326 1278 435 1346 penes
455 1257 660 1328 universam
675 1255 871 1329 Ecclesiam
895 1256 1096 1348 etposteri-
1147 1252 1236 1321 ciam
1259 1278 1483 1327 commovere
1503 1262 1725 1335 conantium:
1759 1264 1838 1359 lpsa
1860 1275 2076 1345 notanimis
2101 1289 2137 1348 et
2249 1332 2252 1339 -

99 1366 228 1439 um,
252 1378 329 1427 m
345 1358 505 1432 ditemus
519 1355 579 1429 hic
594 1359 711 1450 plura·
1146 1354 1282 1424 intimis
1305 1358 1468 1428 sensibus
1491 1359 1597 1431 infixa
1621 1358 1728 1437 huius
1744 1369 1912 1458 benefici,
1940 1375 2012 1465 pii,
2039 1378 2136 1449 salu·

206 1454 311 1527 Talis
330 1457 463 1550 igitur,
495 1473 568 1531 tam
594 1458 776 1545 instructi,
808 1458 944 1544 seduli,
969 1458 1095 1544 fidelis,
1145 1458 1232 1527 taris
1250 1454 1414 1527 Doctoris
1437 1463 1608 1533 memoria
1634 1469 1788 1541 concitat
1807 1473 1851 1541 ad
1878 1476 2135 1550 consideratio-

100 1556 241 1631 coelicis
253 1557 419 1631 Doctoris
435 1575 470 1633 et
483 1562 733 1651 gubernatoris
747 1561 944 1652 praesentia
960 1575 996 1632 et
1009 1585 1095 1652 ope-
1145 1581 1227 1626 uem
1268 1574 1410 1630 nostrae
1449 1561 1707 1654 infoelicitatis,
1745 1572 1807 1665 qui
1841 1575 2135 1667 benignissimum

100 1682 140 1731 ra
160 1682 278 1754 quum
294 1656 488 1733 Academia
507 1658 594 1733 baec
614 1677 649 1733 et
663 1659 821 1732 Ecclesia
843 1684 940 1732 narnc
954 1662 1093 1754 privata
1144 1673 1279 1749 patrem
1300 1675 1335 1731 et
1356 1663 1599 1736 dulcissimum
1622 1670 1790 1760 collegam
1809 1688 1842 1745 et
1855 1680 2009 1748 amicum
2025 1683 2134 1753 caris-

99 1760 166 1847 tie,
199 1774 237 1833 ot
259 1761 393 1834 minus
423 1764 596 1855 acceperit
624 1765 795 1855 opinione
824 1775 860 1834 et
889 1764 1092 1857 eloquentia
1144 1760 1274 1829 simum
1312 1764 1509 1835 amisimus:
1556 1765 1636 1859 lpse
1679 1789 1885 1863 conspectus
1929 1778 2134 1871 iuventutis,

99 1862 203 1933 omni
225 1862 360 1949 maius,
387 1864 619 1937 iustissimum
642 1879 695 1937 est
715 1866 837 1937 dolere
860 1887 1002 1950 omnes,
1028 1865 1092 1958 qui
1144 1859 1398 1953 remotorum,
1431 1864 1690 1958 C⁰¹¹⁰dl⁰¹¹¹m²
1728 1872 2032 1951 Bibliffihffl'fflm
2065 1909 2134 1956 ¹¹⁰·

99 1964 305 2035 studiorum
325 1979 420 2037 recte
444 1967 693 2037 ordinatorum
716 1980 751 2038 ct
776 1954 977 2037 scholamin
1001 1969 1092 2037 bene
1143 1976 1295 2034 stramm
1335 1966 1448 2057 ipsius
1482 1969 1679 2043 bonitatem
1709 1978 1842 2071 ubique
1875 1984 2132 2072 paratissimam
2228 2036 2239 2065 c

98 2064 374 2137 constitutarum
387 2068 631 2139 necessitatem
650 2081 686 2139 et
699 2069 870 2139 utilitates
885 2067 1091 2159 intelligunt
1142 2065 1247 2135 nobis
1261 2066 1301 2135 in
1313 2069 1520 2139 memoriam
1534 2078 1790 2161 revocantium,
1817 2105 1858 2151 ex
1872 2084 1985 2154 oculis
2000 2090 2132 2160 nostris

98 2166 418 2256 ammiratum,
458 2164 709 2254 Aoeodithnc,
732 2172 827 2263 quod
845 2170 1004 2239 dolorem
1023 2192 1091 2239 uo·
1142 2166 1355 2254 largissimas
1376 2170 1550 2264 lacrymas
1570 2176 1753 2268 exprimit,
1779 2196 1813 2253 et
1833 2185 1905 2253 vim
1921 2189 2056 2259 doloris
2072 2216 2132 2261 ex-

98 2266 157 2337 his
186 2280 294 2357 anget
311 2282 427 2339 metus
448 2269 732 2362 impendentium
761 2272 958 2355 malorum,
998 2293 1090 2363 quac
1142 2280 1288 2357 ³⁸Pfflb

98 2366 211 2437 variis
241 2366 287 2437 ds
313 2370 428 2439 causis
453 2371 586 2443 irritari
615 2394 711 2441 nunc
737 2370 876 2440 facilius
902 2385 936 2441 et
961 2370 1089 2439 accersi
1242 2363 1441 2439 Audiamus
1469 2371 1582 2462 igitur
1610 2377 1756 2448 alteram
1785 2400 1919 2474 partem
1953 2398 2130 2487 praecepti

96 2482 267 2559 munt,
297 2483 485 2565 postquam
507 2474 669 2543 ,oblatos
693 2486 745 2544 ost
768 2473 816 2554 ie,
849 2472 910 2565 qni
937 2472 1087 2564 plurima
1141 2464 1343 2555 Siracidae,
1375 2496 1463 2564 quae
1484 2474 1582 2545 iubet
1604 2477 1652 2546 ita
1676 2484 1853 2555 moderari
1876 2490 2056 2575 dolorem,
2082 2521 2129 2568 ne

98 2570 244 2663 publi„
258 2568 483 2643 ipoemmodo
499 2575 628 2645 avortit
641 2589 674 2645 et
689 2576 874 2663 impedivit
889 2592 950 2644 sua
965 2575 1089 2643 mode-
1141 2570 1197 2638 vel
1213 2572 1344 2642 nostris
1359 2576 1566 2664 corporibus
1581 2590 1614 2647 et
1631 2581 1827 2655 valetudini
1852 2589 1923 2658 vim
1946 2594 2128 2682 faciamus,

99 2671 254 2757 afim,
268 2670 969 2762 potmpfip‚1opitoto‚ottthoritatcaddo
982 2675 1087 2743 etiarn
1141 2670 1199 2740 vel
1214 2668 1451 2744 Ethnicornm
1468 2678 1583 2748 luctus
1600 2679 1731 2753 imitari
1748 2687 1952 2778 videamur,
1974 2696 2036 2789 qui
2052 2722 2128 2772 nou

99 2774 267 2866 precibus
289 2776 336 2845 ad
350 2771 490 2862 Deum,
520 2800 607 2869 quas
630 2779 760 2846 scimus
774 2802 854 2845 eum
872 2802 950 2847 cum
969 2778 1087 2846 studio
1139 2774 1358 2845 considerata
1382 2772 1448 2846 Dei
1480 2779 1519 2848 in
1548 2783 1716 2853 omnibns
1737 2788 1938 2863 actionibus
1959 2814 2128 2890 perpetua

101 2898 205 2945 verae
212 2879 478 2965 temperantiae,
494 2878 704 2963 sobrietatis,
720 2878 922 2967 'vigilantiae
932 2894 964 2947 et
973 2880 1087 2946 laurae
1139 2874 1314 2959 bonitate,
1339 2879 1476 2948 amissis
1496 2882 1685 2954 carissimis
1700 2888 1772 2958 suis
1788 2892 1945 2964 fremunt
1959 2898 2127 2974 adversus

99 2975 354 3060 mnscientiac,
380 2982 558 3050 constanti
581 2981 764 3069 diligentia
787 3004 851 3069 pro
875 2993 946 3050 tota
964 2976 1086 3048 Eccle-
1137 2972 1272 3061 Deum,
1303 2990 1338 3047 et
1358 2978 1555 3051 iniusticiae
1572 2988 1672 3075 quasi
1690 3012 1768 3057 enm
1785 3007 1818 3062 et
1834 2992 2053 3089 Tyrannidis
2067 3027 2127 3091 ac-

97 3080 159 3165 sia,
180 3074 377 3150 Academia
391 3081 574 3151 etfamilia
591 3105 654 3151 sua
668 3082 929 3153 ardentissimas
943 3082 1086 3153 fodisse.
1138 3092 1281 3163 cusant,
1304 3102 1325 3147 a
1349 3081 1478 3173 quibus
1499 3080 1715 3174 blasphemis
1731 3094 1878 3164 vocibus
1894 3111 1928 3168 et
1943 3102 2126 3191 cogitatio·
2241 3110 2246 3117 “

97 3176 143 3253 pq
168 3194 299 3252 mmm
324 3192 377 3251 οη
403 3182 471 3274 pti,
497 3184 629 3253 dietum
653 3179 868 3273 Prophetae,
901 3182 962 3276 qui
988 3183 1086 3267 dicit,
1137 3178 1244 3249 nibus
1266 3180 1397 3250 animis
1417 3198 1452 3253 et
1472 3185 1619 3255 auribus
1642 3184 1833 3265 abhorrere
1854 3197 2025 3272 debemus
2046 3230 2124 3289 nos,

100 3280 220 3371 oolligi
249 3283 384 3367 bonos,
418 3306 464 3353 ne
488 3284 634 3355 videant
666 3285 757 3353 mala
779 3297 960 3367 secutura,
996 3284 1085 3353 sicut
1137 3280 1344 3373 quissimus
1361 3280 1476 3354 Deum
1494 3287 1598 3357 etiam
1614 3288 1743 3361 iratum
1757 3298 2019 3375 misericordiae
2041 3330 2125 3380 suae

99 3383 259 3475 mpla
291 3384 453 3453 „mptum
488 3400 640 3457 potatum
669 3385 886 3475 argentium
912 3398 1086 3455 testantur
1136 3385 1327 3469 recordari,
1352 3398 1386 3454 et
1401 3388 1605 3477 punientem
1621 3392 1838 3484 benefacere,
1864 3414 1983 3497 etquo
1999 3408 2125 3481 durior

99 3484 354 3577 'memmium
374 3485 552 3567 oto-oropo,
584 3510 648 3576 per
672 3509 761 3578 quos
785 3486 923 3575 insigne
947 3486 1083 3579 aliquid
1136 3496 1189 3554 cst
1209 3485 1390 3574 castigatio
1413 3487 1451 3556 in
1472 3488 1564 3559 lilios
1589 3494 1787 3580 petulantes
1808 3514 1843 3572 et
1872 3501 2047 3596 ingratos,
2079 3537 2123 3583 co
2220 3548 2227 3563 ·

99 3586 134 3657 ς,
147 3582 313 3657 Ecclesia
327 3598 461 3674 gestum
478 3602 539 3659 aut
556 3588 719 3659 effectum
742 3601 813 3671 est,
836 3587 1083 3676 migrationem
1136 3586 1254 3676 ipsum
1288 3589 1491 3659 ardentiore
1518 3597 1660 3691 στοργῇ
1689 3599 1830 3669 eosdem
1862 3628 2049 3680 conversos
2075 3618 2121 3685 ad

99 3682 221 3771 esbac
236 3685 310 3757 rita
322 3688 483 3779 publicas
498 3689 713 3759 calamitates
728 3688 829 3759 brevi
847 3702 982 3758 servatas
999 3712 1083 3770 esse,
1135 3688 1266 3759 bonam
1295 3689 1431 3778 frugem
1463 3695 1670 3785 complecti,
1708 3712 1743 3770 et
1774 3701 1951 3777 beneficiis
1981 3734 2122 3800 ornare,

98 3787 308 3883 praesertim
335 3800 453 3859 autem
484 3804 581 3875 turn,
612 3814 692 3861 cum
718 3790 937 3880 ingratitudo
962 3792 1082 3882 populi
1135 3788 1352 3860 moesticiam
1381 3790 1480 3861 illam
1510 3820 1551 3865 ex
1580 3800 1824 3874 recordatione
1843 3832 2036 3896 poenarum
2060 3842 2121 3888 or-

99 3889 242 3961 mo
254 3890 456 3981 ,pomposis
470 3892 530 3960 illa
547 3894 662 3973 dona,
687 3905 722 3962 et
736 3893 958 3963 extenuantis
976 3895 1084 3960 bene-
1135 3905 1219 3975 tam,
1244 3890 1462 3964 lenientibus
1476 3910 1510 3967 et
1523 3897 1692 3987 paulatim
1709 3904 1945 3991 abolentibus,
1970 3912 2006 3983 id
2023 3924 2119 4011 quod

98 3992 193 4077 5212,
219 4014 313 4085 quae
325 3989 424 4062 Deus
445 4016 510 4085 per
527 3995 610 4064 illos
624 3989 862 4064 Ecclesiamm
882 3994 1084 4065 benefacto-
1135 3992 1288 4080 singuli,
1310 3994 1373 4087 qui
1390 3993 1662 4070 Patreafamilias
1676 4026 1815 4089 sumus,
1841 4011 1879 4079 in
1894 4014 2121 4106 castigatione

100 4118 152 4166 ree
171 4092 327 4182 largitus
349 4106 424 4175 est,
463 4094 553 4165 sicut
573 4090 665 4185 pmh
687 4095 792 4164 dolor
812 4094 967 4164 vidimus
989 4091 1084 4165 bunc
1134 4094 1329 4163 liberorum
1362 4111 1564 4169 nostrorum
1596 4105 1817 4194 experimur,
1856 4114 2000 4206 quibus,
2039 4145 2119 4193 cum

99 4210 261 4267 patrum
295 4194 396 4286 pium
429 4209 464 4266 et
494 4197 628 4286 optimc
657 4196 823 4265 meritum
849 4197 893 4266 de
919 4196 1084 4266 universa
1136 4217 1251 4264 mores
1278 4200 1472 4271 emendant
1498 4204 1600 4271 etad
1624 4205 1862 4281 obedientiam
1886 4216 2040 4289 debitam
2062 4246 2120 4293 re-

98 4295 302 4390 poepppttptp
324 4294 612 4388 praeceptorem,
643 4299 690 4367 ab
719 4297 899 4390 aliquibus
926 4310 1084 4367 contem·
1136 4297 1258 4381 deunt,
1284 4312 1363 4388 post
1375 4301 1494 4390 plagas
1509 4316 1542 4372 et
1557 4307 1703 4377 verbera
1721 4310 1902 4384 blanditiis
1916 4331 1951 4389 et
1969 4344 2117 4395 munus-

98 4412 219 4491 ptnsn‚
250 4397 297 4468 ab
316 4398 497 4493 aliquibus
511 4400 732 4484 infestatum,
758 4401 803 4469 ab
821 4398 1000 4492 aliquibus
1017 4394 1084 4468 ho-
1135 4398 1225 4468 culis
1246 4414 1402 4471 nostram
1425 4415 1608 4492 paternam
1636 4414 1907 4501 pmpensionem
1932 4432 1966 4490 et
1988 4426 2118 4497 carita·

99 4502 230 4573 eutices
251 4500 400 4593 petitum
421 4500 548 4584 luisse,
574 4502 706 4595 quibus
728 4501 874 4572 fortasse
889 4495 948 4572 bic
966 4513 1085 4570 noster
1136 4511 1220 4591 tem¹
1237 4523 1341 4591 saepe
1370 4504 1588 4575 manifestius
1618 4510 1837 4585 declaramus
1866 4542 1973 4611 quam
2002 4540 2118 4602 antea.

99 4603 218 4676 lnetns
240 4613 275 4671 et
295 4624 439 4671 moeror
457 4603 695 4693 gratissimum
716 4602 953 4692 spectaculum
982 4625 1085 4694 prae·
1137 4597 1257 4689 Quare
1277 4616 1311 4671 et
1333 4604 1516 4676 domestici
1536 4632 1577 4679 ac
1597 4614 1805 4708 propinqui,
1830 4620 1893 4711 qui
1912 4625 2040 4698 merito
2061 4630 2118 4701 lu-

98 4704 216 4789 bebit,
241 4716 277 4773 et
298 4723 427 4773 sannas
448 4726 488 4774 ac
507 4726 701 4774 sarcasmos
725 4704 809 4774 felle
823 4705 1014 4773 amariores
1028 4702 1086 4773 di-
1136 4716 1238 4793 gent,
1260 4704 1323 4773 tali
1345 4726 1383 4773 sc
1405 4718 1524 4796 patre,
1546 4734 1630 4796 avo,
1655 4728 1822 4805 cognato,
1846 4720 1950 4795 affine
1975 4730 2119 4804 orbatos

99 4806 228 4890 etobit,
264 4816 306 4875 ut
335 4816 499 4875 nostrum
529 4807 688 4876 dolorem
710 4828 773 4875 sua
799 4805 1029 4875 insultatione
1050 4817 1086 4876 et
1137 4826 1230 4884 esse,
1256 4818 1291 4875 ct
1311 4828 1377 4875 nos
1398 4807 1548 4902 reliqui,
1575 4814 1637 4906 qui
1658 4816 1726 4906 ipsi
1744 4818 1910 4894 familiari
1928 4847 2118 4905 consuetu-

98 4900 301 4998 tfiompho‚
326 4928 432 4998 quern
447 4907 491 4977 de
506 4922 627 4979 nostra
642 4907 715 4977 imo
729 4908 774 4978 de
786 4906 929 5000 publica
943 4907 1085 4977 miseria
1136 4906 1222 4977 dine
1241 4907 1422 4979 coniuncti
1443 4912 1599 4998 fuimns,
1631 4910 1698 4986 bac
1720 4921 1931 5009 cogitatione
1958 4934 2118 5005 dolorem

98 5022 221 5101 ogast,
246 4998 490 5081 ‘accumulent
549 5007 620 5080 Hic
648 5023 763 5080 metus
788 5008 1026 5079 mutationum
1051 5024 1087 5081 et
1136 5009 1379 5095 moderemur,
1404 5013 1501 5105 quod
1518 5015 1647 5087 scimus
1661 5042 1743 5090 eum
1760 5029 1944 5099 mortalem
1961 5037 2119 5124 genitum

97 5130 350 5181 ,nonnarum
368 5109 612 5201 publicarum,
638 5134 727 5204 quas
738 5132 834 5181 mors
851 5106 958 5183 huius
972 5112 1087 5182 nostri
1136 5110 1262 5190 fuisse,
1294 5125 1330 5182 et
1353 5116 1451 5206 quod
1472 5114 1675 5190 mirandum
1699 5137 1780 5211 est,
1795 5128 1827 5196 ei
1848 5129 1886 5198 iu
1907 5145 2002 5205 tanta
2019 5137 2121 5209 labo·

97 5211 265 5305 parim
279 5210 452 5301 collegae,
472 5225 508 5282 et
522 5211 673 5282 aliorum
689 5213 834 5304 piorum
850 5216 996 5285 acbcne
1011 5236 1087 5283 me-
1137 5236 1237 5297 rnm,
1271 5237 1455 5300 curarum,
1485 5219 1744 5311 molestiarum,
1778 5234 2009 5305 certaminum
2034 5241 2122 5309 assi-

96 5312 249 5387 ritornm
275 5311 456 5396 vimmm,
473 5337 578 5409 equos
597 5315 697 5388 brevi
712 5316 882 5408 temporis
898 5316 1086 5390 intervallo
1137 5313 1273 5387 duitate
1296 5330 1331 5388 et
1359 5318 1549 5496 acepgqtatc
1577 5336 1694 5398 tamen
1719 5352 1739 5399 a
1760 5327 1861 5423 Deo,
1892 5330 1988 5409 haud
2018 5342 2125 5415 dubie
