4546 5760
139 184 217 261 985

140 351 272 443 ᾶεοείί
286 370 320 428 et
338 371 456 428 tamen
474 380 550 427 mea
566 355 808 439 imbecillitas,
835 370 869 428 et
883 383 1001 429 rerum
1019 359 1133 450 impe·

137 461 225 532 ritia
239 455 328 529 mihi
344 484 417 529 non
436 461 554 549 ignota
572 474 634 530 est.
675 457 766 529 Cum
786 460 939 549 primum
955 457 1025 531 huc
1042 462 1135 545 veni,

141 562 291 655 promisi
308 585 365 629 me
382 555 489 631 huius
503 556 715 630 Academiae
737 563 1034 649 gubernatoribus
1048 565 1135 632 obe-

141 664 300 734 dientem
316 664 400 735 fore.
448 661 568 751 Quare
580 663 805 734 autoritatem
823 676 973 733 vestram
990 689 1064 733 non
1079 665 1135 733 fa-

141 765 391 852 ciledefugore
405 787 560 854 possum.

244 893 323 968 Etsi
338 896 446 987 igitur
461 921 517 965 me
533 898 680 967 minime
696 897 864 966 idoneum
880 899 922 966 acl
940 892 1033 967 banc
1050 899 1128 967 fun·

141 1001 296 1070 ctionem
320 1021 393 1067 esse
418 997 594 1087 intelligo,
628 1014 659 1068 et
679 1001 726 1069 ob
749 1024 824 1068 eam
843 1022 981 1068 causam
1007 1000 1133 1070 merito

141 1102 243 1170 illam
269 1104 462 1170 detrectare
485 1100 635 1191 possim,
671 1116 789 1172 tamen
818 1124 863 1169 ne
885 1101 984 1169 vobis
1014 1102 1132 1183 minus

116 1216 120 1223 ’
142 1202 330 1286 obediens,
354 1213 415 1270 aut
434 1215 621 1270 contumax
639 1227 712 1271 esse
728 1203 866 1284 videar,
889 1204 983 1296 quod
999 1200 1076 1272 Deo
1093 1227 1133 1272 ae

134 1300 381 1392 Redemptore
408 1316 529 1371 nostro
552 1305 628 1372 lesu
648 1300 791 1374 Christo
813 1304 901 1373 duce
927 1315 961 1374 ct
992 1304 1133 1394 auspice

140 1404 227 1474 felis
249 1404 472 1494 faustumque
497 1402 559 1488 sit,
592 1419 724 1475 vestrae
749 1404 923 1474 voluntati
952 1407 1133 1496 obtempe-

141 1506 252 1588 rabo,
281 1503 390 1572 fretus
420 1505 665 1575 benevolentia
690 1519 821 1588 vestra,
854 1501 1013 1598 mihique
1037 1521 1132 1576 certo

139 1606 374 1699 persuadens,
410 1628 473 1674 vos
495 1617 529 1674 et
559 1608 709 1691 candido
734 1609 856 1676 deme
880 1606 1011 1677 iudicio
1036 1603 1133 1677 bunc

141 1706 306 1779 Rectoris
330 1706 473 1775 titulum
497 1719 600 1799 atque
626 1708 779 1777 officium
807 1710 849 1777 ad
877 1733 932 1777 me
956 1709 1135 1794 detulisse,

140 1822 178 1878 et
192 1809 230 1876 in
247 1802 312 1875 hac
327 1806 601 1894 gubernatione,
624 1823 699 1879 tum
714 1833 790 1894 me,
817 1822 893 1878 tum
911 1834 1004 1891 eum,
1026 1835 1131 1903 quem

138 1903 231 1978 mihi
248 1908 449 1977 adiuncturi
472 1910 572 1988 estis,
599 1925 714 1979 vestro
727 1910 895 1991 consilio,
920 1912 1131 2001 praesentia,

139 2032 248 2102 opera
264 2022 298 2078 et
310 2004 497 2079 autoritate
512 2010 662 2099 benigne
675 2011 859 2079 adiuturos
874 2033 958 2079 esse.

243 2136 359 2210 Deum
383 2155 565 2210 aeternum
589 2155 724 2233 patrem
748 2139 896 2210 Domini
920 2140 1032 2213 nostri
1053 2136 1131 2211 lesu

139 2236 276 2314 Christi
294 2255 367 2311 toto
387 2255 524 2330 pectore
538 2268 613 2328 oro,
638 2256 673 2311 ut
692 2267 753 2333 per
767 2236 834 2311 boc
855 2256 1018 2312 semestre
1033 2255 1131 2314 tran-

139 2344 354 2441 quillitatem
371 2337 426 2410 his
443 2343 646 2432 regionibus
660 2346 841 2425 concedat,
861 2356 895 2412 et
911 2337 1004 2412 hanc
1018 2338 1132 2414 Scho-

127 2444 212 2516 lam
236 2468 371 2536 nosque
395 2466 519 2513 omnes
539 2446 729 2515 clementer
753 2446 945 2535 gubernet,
971 2458 1133 2536 protegat

140 2559 178 2617 et
192 2559 385 2641 conservet.
411 2621 420 2632 κ
437 2544 530 2618 Dixi.

112 2964 115 2969 .
152 2901 219 2975 No.
238 2901 302 2975 41.

145 2999 319 3030 W

823 2919 879 2979 ιτ.
902 2909 986 2993 seps.
1008 2913 1106 2978 taso.

787 3011 1126 3048 W

210 3116 241 3172 ln
260 3116 425 3172 Orationem
445 3115 479 3174 Τ.
496 3116 525 3170 V.
544 3135 571 3186 p.
585 3118 634 3170 144
645 3135 722 3240 Ἥ,
745 3117 774 3170 in
797 3116 980 3173 Orationibus
1001 3127 1132 3189 poserem.

120 3266 128 3278 ,
242 3203 271 3258 p.
285 3185 344 3244 tos.
357 3198 384 3240 et
396 3186 467 3257 apud
481 3185 610 3242 nithart.
623 3185 656 3243 Τ.
715 3205 744 3258 p.
756 3186 817 3241 405.

111 3380 116 3393 ¹
139 3348 271 3419 oratio
289 3368 313 3418 a
330 3342 663 3438 christophoro
680 3348 914 3443 Burpprovs'o
935 3339 1129 3437 uDltou,

115 3452 119 3457 '
136 3451 291 3522 Buroue
302 3457 375 3520 etc.
388 3446 797 3531 Academiuelleotore,
822 3445 954 3520 dubita
968 3454 1060 3518 ante
1076 3449 1131 3519 le·

163 3572 255 3648 pum
267 3547 578 3660 scholasticarum
590 3553 885 3644 praelectionem
903 3548 960 3623 lt.
978 3547 1105 3641 Septi.

138 3682 240 3784 (ium
255 3698 340 3768 velit
356 3694 451 3766 Deus
466 3710 585 3766 coetus
604 3680 677 3766 esse
696 3698 899 3768 docentium
929 3712 963 3770 et
988 3699 1140 3772 ,discen-.

115 3890 119 3897 ¹
138 3801 251 3883 tium,
276 3799 360 3891 quia
375 3823 460 3868 voce
478 3798 617 3877 divina,
644 3812 678 3868 et
694 3822 766 3868 non
785 3800 889 3868 aliter
903 3812 1043 3869 aeterna
1059 3796 1128 3871 Ec-

634 181 943 317 ALLDQUIA
968 183 1044 261 ΕΤ
1076 180 1311 263 BREVES
1343 176 1697 265 CONClONES.

2097 191 2173 269 088

1185 357 1333 446 cogitate
1353 352 1516 428 homines
1537 383 1610 429 non
1631 359 1792 431 conditos
1816 383 1907 448 esse,
1935 372 1976 434 ut
1996 363 2171 454 pecudum

1185 483 1283 529 more
1307 474 1478 549 vagentur
1501 462 1576 530 sine
1602 462 1756 551 legibus,
1790 476 1824 532 et
1839 464 1916 534 sine
1939 465 2170 556 cupiditatum
2266 470 2269 476 '

1186 562 1312 646 frenis,
1338 565 1397 631 sed
1417 559 1492 631 Deo
1513 564 1651 643 vivere,
1675 576 1710 634 et
1729 565 1857 634 debere
1878 565 1953 636 Deo
1974 568 2171 636 conformes

1185 685 1270 747 esse,
1286 686 1365 732 cum
1382 663 1452 733 sint
1464 664 1635 752 imagines
1649 665 1734 749 eius,
1749 679 1785 735 et
1797 665 1881 737 velit
1896 668 1942 735 ab
1958 666 2007 734 eis
2020 668 2172 757 agnosci,

1184 776 1224 833 ut
1238 786 1311 832 sese
1326 765 1376 833 eis
1393 766 1652 836 communicare
1670 767 1796 856 possit,
1821 790 1881 836 eos
1901 769 2115 857 gubernare,
2137 782 2172 839 et

1183 887 1345 957 spargere
1363 867 1400 933 iu
1419 888 1478 934 eos
1495 889 1578 936 suae
1596 869 1702 952 lucis,
1727 867 1937 961 sapientiae,
1962 862 2171 939 etiusticiae

1185 967 1310 1036 radios.
1363 964 1500 1036 Deinde
1523 982 1556 1040 et
1584 965 1651 1039 hoc
1675 970 1840 1059 cogitate,
1866 966 2075 1040 Academias
2096 994 2171 1042 non

1184 1068 1311 1138 debere
1333 1064 1548 1157 Gigantum,
1574 1085 1634 1139 aut
1650 1069 1844 1164 Cyclopum
1868 1071 2058 1143 exercitum
2084 1094 2170 1153 esse,

1185 1181 1245 1239 aut
1260 1168 1379 1238 Circes
1394 1170 1592 1255 stabulum,
1618 1175 1678 1240 sed
1696 1171 1759 1241 Dei
1784 1172 1972 1264 templum,
1997 1172 2034 1241 in
2050 1197 2121 1266 quo
2137 1186 2171 1243 et

1184 1265 1319 1340 habitet
1335 1267 1449 1355 Deus,
1475 1285 1507 1341 et
1523 1273 1747 1344 assiduisint
1765 1265 1848 1342 casti
1866 1269 1994 1363 Angeli
2015 1285 2171 1364 tegentes

1184 1372 1322 1442 infirma
1338 1395 1485 1462 corpora
1501 1387 1625 1442 vestra.
1677 1371 1730 1443 Ac
1746 1373 1970 1445 manifestum
1987 1387 2049 1460 est,
2075 1375 2170 1444 mul»-

1183 1486 1300 1542 torum
1323 1475 1361 1541 in
1388 1469 1452 1543 hac
1467 1469 1656 1543 Academia
1672 1488 1816 1546 aetatem
1837 1477 1943 1545 talem
1962 1498 2055 1561 esse,
2079 1500 2170 1569 quae

1183 1598 1264 1644 vere
1281 1589 1332 1645 est
1346 1575 1565 1644 domicilium
1582 1574 1664 1660 Dei,
1689 1590 1723 1646 et
1741 1603 1759 1644 a
1775 1578 1877 1647 castis
1892 1577 2039 1665 Angelis
2053 1590 2171 1648 custo-

1183 1677 1299 1760 ditur,
1321 1676 1411 1744 sicut
1433 1677 1686 1766 scriptumest:
1715 1677 1841 1768 Augeli
1867 1702 1989 1748 eornm
2008 1679 2045 1747 in
2063 1678 2170 1749 coelis

1182 1800 1322 1867 semper
1334 1776 1458 1845 vident
1474 1778 1597 1845 faciem
1614 1779 1734 1868 patris.
1770 1778 1907 1848 Horum
1925 1780 2054 1850 teneris
2070 1803 2170 1849 men·

1182 1879 1278 1947 tibus
1293 1877 1448 1967 profecto
1464 1898 1602 1946 necesse
1618 1891 1669 1949 est
1689 1881 1844 1949 inserere
1862 1904 1962 1950 veras
1978 1882 2170 1951 sententias

1183 1981 1227 2046 cle
1257 1979 1347 2061 Deo,
1386 1978 1430 2046 de
1457 1978 1591 2068 legibus
1616 1968 1701 2063 Dei,
1741 1984 1785 2050 de
1813 1982 2091 2071 magistratibus,
2124 1985 2169 2053 de

1184 2079 1382 2170 disciplina.
1418 2077 1557 2147 Horum
1573 2082 1683 2148 animi
1702 2084 1969 2168 praemuniendi
1984 2097 2068 2154 sunt
2083 2106 2168 2153 con-

1181 2194 1234 2249 tra
1250 2182 1340 2248 mala
1359 2182 1536 2270 exempla,
1564 2194 1598 2251 et
1613 2183 1826 2272 perniciosas
1844 2184 2043 2276 opiniones.
2083 2183 2167 2254 Ideo

1182 2280 1322 2350 assiduo
1344 2294 1554 2372 repetuntur
1581 2283 1619 2352 in
1645 2285 1889 2374 congressibus
1916 2285 2046 2355 nostris
2069 2309 2169 2354 com-

1181 2382 1477 2463 monefactiones,
1508 2407 1589 2452 cum
1614 2386 1659 2453 de
1680 2388 1826 2456 caeteris
1840 2389 1945 2456 rebus
1966 2387 2168 2474 cognitione

1181 2484 1319 2574 dignis,
1343 2497 1421 2555 tum
1438 2508 1521 2553 vero
1542 2497 1577 2554 et
1598 2487 1643 2554 de
1663 2486 1864 2559 obedientia
1881 2487 1974 2571 Deo,
2000 2502 2035 2558 et
2055 2489 2168 2579 magi-

1145 2595 1149 2604 '
1180 2586 1347 2656 stratibus
1370 2585 1500 2658 debita.
1553 2578 1771 2658 Grandiores
1793 2590 1897 2659 etiam
1923 2591 2096 2672 obtestor,
2127 2602 2168 2660 ut

1180 2701 1216 2757 et
1249 2686 1316 2779 ipsi
1351 2687 1462 2757 velint
1492 2709 1567 2757 esse
1595 2689 1817 2760 domicilium
1841 2690 1923 2773 Dei,
1955 2704 1990 2760 et
2013 2690 2168 2779 cogitent

1181 2812 1287 2880 quam
1311 2789 1481 2857 miserum
1505 2801 1539 2858 et
1560 2783 1779 2861 horrendum
1801 2792 1846 2860 sit
1869 2814 2010 2860 manere
2030 2786 2165 2861 hostem

1179 2888 1267 2974 Dei,
1288 2889 1469 2981 aspernari
1485 2890 1692 2979 sangninem
1713 2892 1777 2961 lilii
1794 2890 1878 2977 Dei,
1901 2914 1974 2963 esse
1993 2914 2165 2982 organum

1180 2991 1427 3075 diabolorum,
1458 2991 1520 3081 qui
1543 2991 1671 3081 impios
1695 2994 1735 3060 in
1757 2995 1866 3064 multa
1890 2993 2039 3079 scelera,
2071 3008 2106 3064 et
2127 2992 2165 3063 in

1179 3092 1396 3163 tristissimas
1417 3115 1623 3182 corporum,
1648 3105 1683 3164 et
1700 3095 1898 3165 animarum
1913 3118 2045 3185 poenas
2065 3117 2166 3186 prae-

1182 3194 1347 3285 cipitant;
1381 3216 1503 3262 omnes
1524 3193 1633 3282 igitur
1648 3218 1769 3265 vocem
1785 3193 1852 3264 Dei
1872 3195 2076 3282 audiamus,
2101 3197 2163 3290 qui

1179 3296 1315 3387 inquit:
1341 3290 1602 3364 Convertimini
1624 3297 1668 3365 ad
1690 3320 1766 3382 me,
1790 3310 1824 3366 et
1839 3319 1903 3386 ego
1921 3311 2107 3367 convertar
2120 3299 2168 3368 ad

1181 3418 1255 3476 vos,
1279 3409 1314 3464 et
1327 3394 1534 3465 ardentibus
1548 3396 1640 3466 votis
1653 3394 1756 3466 aDeo
1772 3413 1942 3489 petamus,
1968 3413 2009 3469 ut
2022 3411 2166 3490 propter

1179 3497 1291 3565 tilium
1308 3518 1374 3564 nos
1388 3497 1577 3566 clementer
1591 3498 1746 3590 recipiat,
1761 3512 1794 3568 et
1803 3498 1940 3589 Spiritu
1956 3523 2020 3570 suo
2033 3512 2166 3585 sancto,

1180 3611 1275 3667 casto
1290 3612 1325 3671 et
1341 3597 1456 3666 veraci
1473 3598 1655 3687 gubernet.
1690 3597 1821 3668 Misera
1837 3596 2024 3670 bominum
2040 3613 2164 3670 natura

1179 3699 1283 3768 facile
1302 3700 1442 3769 aberrat
1463 3723 1482 3767 a
1500 3711 1594 3767 recto
1617 3704 1678 3769 sua
1696 3700 1908 3770 infirmitate.
1962 3696 2008 3769 Et
2025 3701 2167 3770 verissi-

1180 3821 1276 3868 mum
1292 3814 1343 3869 est
1357 3799 1445 3868 illud
1462 3799 1721 3875 Simonideum.
1769 3799 1851 3871 Non
1873 3802 1976 3871 facile
1993 3815 2045 3871 est
2062 3802 2164 3871 nasci

137 3900 245 3975 clesia
267 3896 344 3971 Deo
371 3899 566 3989 colligitur,
599 3923 757 3969 amemus
783 3913 816 3971 et
844 3900 918 3992 ipsa
944 3903 1128 3971 doctrinae
1176 3892 1433 3998 τετράγωνον,
1466 3901 1594 3985 idest,
1624 3902 1828 3992 perfectum.
1885 3901 1955 3973 Sed
1977 3917 2095 3975 tamen
2122 3902 2163 3971 in

113 4002 275 4085 -studia,
309 4014 345 4070 et
379 3994 465 4070 haec
497 4001 637 4090 agmina
670 4000 823 4070 sciamus
847 3995 975 4070 babere
1001 4005 1126 4081 ducem

1178 4003 1308 4072 teneris
1322 4003 1449 4071 animis
1466 4002 1617 4073 multum
1636 4003 1673 4072 in
1689 4017 1863 4097 utranque
1877 4016 2010 4094 partem
2029 4003 2164 4074 doctri-

139 4098 342 4174 tetiumDet
364 4093 478 4198 λόγου
501 4102 644 4171 aeterni
657 4102 799 4191 patris,
814 4117 847 4172 et
867 4098 1025 4174 honestis
1040 4106 1127 4194 legi·
1178 4128 1224 4185 na
1240 4104 1344 4176 valet.
1397 4100 1506 4173 Dulce
1521 4117 1578 4173 est
1603 4102 1774 4174 libertatis
1797 4128 1926 4173 nomen
1938 4158 1949 4190 ,
1981 4118 2014 4174 et
2040 4128 2161 4173 verum

137 4207 224 4290 bus,
259 4226 300 4272 ac
333 4202 519 4294 disciplina
547 4202 742 4274 consociata
779 4227 853 4272 esse
878 4218 1060 4294 oportere.
1094 4221 1128 4276 et
1177 4219 1228 4274 est
1249 4205 1342 4274 illud
1356 4201 1508 4274 Lucani:
1538 4203 1728 4293 Libertatis
1750 4229 1851 4275 amor
1865 4218 1977 4276 toturn
1991 4229 2054 4275 cur
2066 4206 2164 4275 deci-

117 4329 262 4377 -eornm
286 4304 576 4373 coniunctionem
608 4304 774 4374 omnibus
808 4306 933 4376 officiis
959 4310 1133 4376 tuendam
1177 4306 1231 4397 pis
1245 4305 1393 4376 orbem?
1419 4307 1513 4398 quod
1536 4306 1667 4374 rectius
1682 4306 1731 4373 sic
1748 4306 1938 4376 diceretur:
1973 4305 2163 4376 Libertatis

132 4431 228 4478 esse.
278 4405 362 4475 ldeo
385 4406 487 4474 vobis
511 4400 603 4494 leges
625 4406 839 4490 recitantur,
859 4432 1007 4500 quarum
1026 4434 1126 4499 prae·
1176 4431 1277 4477 amor
1291 4406 1438 4478 stultum
1454 4429 1517 4474 cnr
1530 4407 1664 4496 decipis
1677 4407 1824 4476 orbem?
1849 4402 1964 4476 Aside
1984 4407 2092 4497 igitur
2104 4431 2164 4477 ac-

133 4508 264 4600 -cipuae
290 4523 373 4576 sunt
398 4507 472 4599 ipsa
502 4532 570 4576 vox
596 4505 783 4596 Decalogi,
816 4522 852 4578 et
878 4525 958 4577 sont
986 4510 1125 4579 additae
1176 4507 1358 4599 cipiuntur
1381 4507 1692 4577 illae'tribuuitiae
1709 4508 1915 4592 conciones,
1944 4531 2034 4602 quae
2053 4508 2162 4578 liber-

111 4640 126 4663 ··
135 4612 309 4706 quaedam
322 4609 368 4676 de
380 4609 602 4691 executione,
626 4632 731 4701 quam
749 4609 847 4678 Deus
865 4609 1126 4698 magistratibus
1176 4623 1282 4679 tatem
1307 4608 1540 4699 amplificant,
1568 4622 1602 4678 et
1626 4609 1745 4678 frenos
1761 4609 2012 4698 cupiditatibus
2034 4610 2163 4696 laxant,

125 4710 332 4783 mandavit.
391 4709 497 4779 Scitis
524 4710 765 4779 enim-deberi
786 4710 1024 4779 obedientiam
1051 4713 1125 4800 pri·
1177 4709 1293 4803 qualis
1321 4703 1486 4778 haecest
1511 4710 1635 4780 concio
1661 4707 1876 4802 Cynicorum
1912 4710 2160 4803 potiusquam

110 4842 116 4856 ·
137 4836 237 4882 mum
251 4808 338 4894 Deo,
364 4811 492 4880 deinde
507 4811 738 4899 magistratui,
763 4834 869 4905 quam
887 4824 927 4882 nt
944 4813 1123 4903 praestetis
1172 4806 1477 4894 Christianorum,
1502 4834 1592 4900 quae
1609 4812 1822 4880 vociferatur
1838 4805 1929 4880 hanc
1945 4810 2161 4903 propositio-

111 4937 281 4986 --movere
295 4936 357 4980 vos
371 4913 476 4982 debet
494 4913 665 4983 autoritas
679 4911 815 4998 divina,
842 4937 932 5006 quae
951 4915 997 4982 de
1011 4911 1123 4984 Deca—
1174 4935 1255 4981 nem
1269 4911 1392 4982 falsam
1407 4935 1496 4980 esse:
1519 4913 1619 4983 Bona
1635 4936 1738 5003 opera
1753 4925 1836 4981 sunt
1851 4912 2053 4983 necessaria.
2085 4911 2160 4981 Mi-

109 5015 218 5105 --logo
239 5013 373 5108 inquit:
400 5018 441 5082 ln
457 5012 650 5106 praeceptis
667 5015 754 5083 meis
776 5014 963 5085 ambtdate.
1014 5012 1062 5093 Et
1079 5019 1122 5084 de
1174 5013 1312 5084 rabitur
1325 5013 1509 5103 posteritas
1525 5013 1632 5083 fuisse
1647 5012 1802 5082 seculum
1817 5026 1888 5082 tam
1903 5014 2094 5096 furiosum,
2120 5014 2158 5081 in

135 5114 304 5207 legitimis
324 5115 585 5205 magistratibus
609 5115 673 5183 ait:
704 5113 852 5186 Necesse
873 5129 943 5201 est,
967 5117 1123 5201 obedire,
1171 5138 1243 5208 quo
1258 5115 1338 5185 talis
1351 5114 1489 5184 insania
1506 5114 1731 5206 applausores
1746 5109 1921 5185 habuerit.
1957 5112 2028 5183 Sed
2042 5113 2158 5183 videte

128 5241 211 5290 non
232 5217 347 5287 solum
369 5230 515 5310 propter
534 5218 642 5300 iram,
668 5217 727 5286 sed
750 5217 856 5287 etiam
877 5231 1020 5310 propter
1035 5241 1122 5287 con·
1173 5215 1449 5308 impudentiam,
1484 5229 1525 5288 ut
1555 5214 1738 5285 stabiliant
1765 5210 1831 5284 boe
1857 5226 1987 5284 tetrum
2011 5215 2159 5285 menda·

112 5319 328 5393 :scientiam
361 5317 584 5388 ·'llaecdicta
598 5318 784 5389 sintvobis
798 5341 944 5389 normam
959 5320 1064 5406 vitae,
1087 5332 1123 5393 et
1171 5317 1286 5403 cium,
1316 5331 1464 5396 assuunt
1494 5316 1678 5387 manifeste
1713 5317 1907 5408 depravata·
1925 5312 2029 5385 Pauli
2054 5313 2159 5401 dieta,
