<?xml version="1.0" encoding="UTF-8"?>
<!DOCTYPE html PUBLIC "-//W3C//DTD XHTML 1.0 Transitional//EN"
    "http://www.w3.org/TR/xhtml1/DTD/xhtml1-transitional.dtd">
<html xmlns="http://www.w3.org/1999/xhtml" xml:lang="en" lang="en">
 <head>
  <title>
</title>
<meta http-equiv="Content-Type" content="text/html;charset=utf-8" />
  <meta name='ocr-system' content='tesseract 3.04.00' />
  <meta name='ocr-capabilities' content='ocr_page ocr_carea ocr_par ocr_line ocrx_word'/>
</head>
<body>
  <div class='ocr_page' id='page_1' title='image "./corpusreformato02melagoog/corpusreformato02melagoog_0119.png"; bbox 0 0 4546 5760; ppageno 0'>
   <div class='ocr_carea' id='block_1_1' title="bbox 192 190 2223 279">
    <p class='ocr_par' dir='ltr' id='par_1_1' title="bbox 192 190 2223 279">
     <span class='ocr_line' id='line_1_1' title="bbox 192 190 2223 279; baseline -0.003 0"><span class='ocrx_word' id='word_1_1' title='bbox 192 204 265 279; x_wconf 78' lang='lat' dir='ltr'>tos</span> <span class='ocrx_word' id='word_1_2' title='bbox 551 190 809 277; x_wconf 75' lang='lat' dir='ltr'>SCRIPTA</span> <span class='ocrx_word' id='word_1_3' title='bbox 841 190 918 276; x_wconf 78' lang='lat' dir='ltr'>Ab</span> <span class='ocrx_word' id='word_1_4' title='bbox 952 192 1145 275; x_wconf 73' lang='lat' dir='ltr'>Vtram</span> <span class='ocrx_word' id='word_1_5' title='bbox 1172 196 1251 273; x_wconf 80' lang='grc' dir='ltr'>ἘΤ</span> <span class='ocrx_word' id='word_1_6' title='bbox 1285 194 1523 273; x_wconf 84' lang='lat' dir='ltr'>OBITUM</span> <span class='ocrx_word' id='word_1_7' title='bbox 1556 190 1857 274; x_wconf 70' lang='lat' dir='ltr'>muttum</span> <span class='ocrx_word' id='word_1_8' title='bbox 2147 194 2223 272; x_wconf 77' lang='lat'>2⁰0</span> 
     </span>
    </p>
   </div>
   <div class='ocr_carea' id='block_1_2' title="bbox 195 362 2225 2781">
    <p class='ocr_par' dir='ltr' id='par_1_2' title="bbox 195 362 2225 2781">
     <span class='ocr_line' id='line_1_2' title="bbox 196 362 2223 487; baseline -0.003 -43"><span class='ocrx_word' id='word_1_9' title='bbox 196 370 452 462; x_wconf 81' lang='lat' dir='ltr'>congressibus,</span> <span class='ocrx_word' id='word_1_10' title='bbox 474 386 508 443; x_wconf 85' lang='lat' dir='ltr'>et</span> <span class='ocrx_word' id='word_1_11' title='bbox 520 396 704 467; x_wconf 87' lang='lat' dir='ltr'>nunquam</span> <span class='ocrx_word' id='word_1_12' title='bbox 718 386 836 443; x_wconf 88' lang='lat' dir='ltr'>tamen</span> <span class='ocrx_word' id='word_1_13' title='bbox 851 375 970 443; x_wconf 88' lang='lat' dir='ltr'>animo</span> <span class='ocrx_word' id='word_1_14' title='bbox 986 373 1183 444; x_wconf 88' lang='lat' dir='ltr'>succubuit.</span> <span class='ocrx_word' id='word_1_15' title='bbox 1205 374 1211 487; x_wconf 55' lang='grc' dir='ltr'><strong>ξ</strong></span> <span class='ocrx_word' id='word_1_16' title='bbox 1233 384 1392 441; x_wconf 86' lang='lat' dir='ltr'>senatum</span> <span class='ocrx_word' id='word_1_17' title='bbox 1412 366 1505 439; x_wconf 89' lang='lat' dir='ltr'>redit</span> <span class='ocrx_word' id='word_1_18' title='bbox 1528 364 1636 441; x_wconf 87' lang='lat' dir='ltr'>hilari</span> <span class='ocrx_word' id='word_1_19' title='bbox 1656 364 1769 441; x_wconf 85' lang='lat' dir='ltr'>vulto.</span> <span class='ocrx_word' id='word_1_20' title='bbox 1818 362 1960 463; x_wconf 77' lang='lat' dir='ltr'>Excipit</span> <span class='ocrx_word' id='word_1_21' title='bbox 1980 390 2063 439; x_wconf 85' lang='lat' dir='ltr'>eunt</span> <span class='ocrx_word' id='word_1_22' title='bbox 2085 364 2223 439; x_wconf 84' lang='lat' dir='ltr'>Luthe-</span> 
     </span>
     <span class='ocr_line' id='line_1_3' title="bbox 195 466 2221 567; baseline -0.002 -22"><span class='ocrx_word' id='word_1_23' title='bbox 195 473 360 563; x_wconf 89' lang='lat' dir='ltr'>Longum</span> <span class='ocrx_word' id='word_1_24' title='bbox 373 498 457 542; x_wconf 90' lang='lat' dir='ltr'>vero</span> <span class='ocrx_word' id='word_1_25' title='bbox 469 476 562 545; x_wconf 84' lang='lat' dir='ltr'>foret</span> <span class='ocrx_word' id='word_1_26' title='bbox 575 476 695 543; x_wconf 87' lang='lat' dir='ltr'>omnia</span> <span class='ocrx_word' id='word_1_27' title='bbox 711 470 797 545; x_wconf 87' lang='lat' dir='ltr'>haec</span> <span class='ocrx_word' id='word_1_28' title='bbox 812 475 850 543; x_wconf 92' lang='lat' dir='ltr'>in</span> <span class='ocrx_word' id='word_1_29' title='bbox 872 475 1069 567; x_wconf 88' lang='lat' dir='ltr'>praesentia</span> <span class='ocrx_word' id='word_1_30' title='bbox 1085 495 1184 542; x_wconf 86' lang='lat' dir='ltr'>com·</span> <span class='ocrx_word' id='word_1_31' title='bbox 1206 490 1211 567; x_wconf 64' lang='lat' dir='ltr'>g</span> <span class='ocrx_word' id='word_1_32' title='bbox 1233 494 1313 557; x_wconf 89' lang='lat' dir='ltr'>rus,</span> <span class='ocrx_word' id='word_1_33' title='bbox 1341 469 1439 559; x_wconf 86' lang='lat' dir='ltr'>Quid</span> <span class='ocrx_word' id='word_1_34' title='bbox 1462 470 1529 539; x_wconf 92' lang='lat' dir='ltr'>tibi</span> <span class='ocrx_word' id='word_1_35' title='bbox 1544 466 1713 562; x_wconf 77' lang='lat' dir='ltr'>Pbtttppe</span> <span class='ocrx_word' id='word_1_36' title='bbox 1735 473 1877 558; x_wconf 89' lang='lat' dir='ltr'>accidit,</span> <span class='ocrx_word' id='word_1_37' title='bbox 1897 470 2035 564; x_wconf 84' lang='lat' dir='ltr'>iuquit,</span> <span class='ocrx_word' id='word_1_38' title='bbox 2061 472 2160 564; x_wconf 87' lang='lat' dir='ltr'>quod</span> <span class='ocrx_word' id='word_1_39' title='bbox 2175 470 2221 540; x_wconf 87' lang='lat' dir='ltr'>its</span> 
     </span>
     <span class='ocr_line' id='line_1_4' title="bbox 198 566 2222 677; baseline -0.002 -33"><span class='ocrx_word' id='word_1_40' title='bbox 198 599 406 647; x_wconf 90' lang='lat' dir='ltr'>memorare.</span> <span class='ocrx_word' id='word_1_41' title='bbox 1206 590 1211 677; x_wconf 62' lang='lat' dir='ltr'>p</span> <span class='ocrx_word' id='word_1_42' title='bbox 1232 568 1357 641; x_wconf 86' lang='lat' dir='ltr'>hilaris</span> <span class='ocrx_word' id='word_1_43' title='bbox 1379 573 1424 640; x_wconf 92' lang='lat' dir='ltr'>ad</span> <span class='ocrx_word' id='word_1_44' title='bbox 1449 594 1515 641; x_wconf 92' lang='lat' dir='ltr'>nos</span> <span class='ocrx_word' id='word_1_45' title='bbox 1537 572 1650 657; x_wconf 87' lang='lat' dir='ltr'>redis,</span> <span class='ocrx_word' id='word_1_46' title='bbox 1675 573 1737 665; x_wconf 93' lang='lat' dir='ltr'>qui</span> <span class='ocrx_word' id='word_1_47' title='bbox 1762 575 1868 665; x_wconf 90' lang='lat' dir='ltr'>paulo</span> <span class='ocrx_word' id='word_1_48' title='bbox 1885 586 1968 643; x_wconf 91' lang='lat' dir='ltr'>ante</span> <span class='ocrx_word' id='word_1_49' title='bbox 1984 572 2124 643; x_wconf 72' lang='lat' dir='ltr'>tristior</span> <span class='ocrx_word' id='word_1_50' title='bbox 2137 566 2222 640; x_wconf 92' lang='lat' dir='ltr'>hinc</span> 
     </span>
     <span class='ocr_line' id='line_1_5' title="bbox 301 672 2222 769; baseline -0.002 -25"><span class='ocrx_word' id='word_1_51' title='bbox 301 674 354 744; x_wconf 92' lang='lat' dir='ltr'>De</span> <span class='ocrx_word' id='word_1_52' title='bbox 379 698 451 745; x_wconf 91' lang='lat' dir='ltr'>uno</span> <span class='ocrx_word' id='word_1_53' title='bbox 476 672 593 745; x_wconf 88' lang='lat' dir='ltr'>adhuc</span> <span class='ocrx_word' id='word_1_54' title='bbox 616 698 818 765; x_wconf 89' lang='lat' dir='ltr'>congressu,</span> <span class='ocrx_word' id='word_1_55' title='bbox 844 677 906 769; x_wconf 84' lang='lat' dir='ltr'>qni</span> <span class='ocrx_word' id='word_1_56' title='bbox 932 675 1024 745; x_wconf 90' lang='lat' dir='ltr'>inter</span> <span class='ocrx_word' id='word_1_57' title='bbox 1046 688 1185 763; x_wconf 84' lang='lat' dir='ltr'>nostros</span> <span class='ocrx_word' id='word_1_58' title='bbox 1207 700 1211 747; x_wconf 70' lang='grc' dir='ltr'><em>ε</em></span> <span class='ocrx_word' id='word_1_59' title='bbox 1234 674 1369 754; x_wconf 81' lang='lat' dir='ltr'>exibas,</span> <span class='ocrx_word' id='word_1_60' title='bbox 1401 674 1590 762; x_wconf 80' lang='lat' dir='ltr'><strong>respondet</strong></span> <span class='ocrx_word' id='word_1_61' title='bbox 1617 673 1695 758; x_wconf 91' lang='lat' dir='ltr'>ille,</span> <span class='ocrx_word' id='word_1_62' title='bbox 1728 698 1774 759; x_wconf 82' lang='lat' dir='ltr'>ne</span> <span class='ocrx_word' id='word_1_63' title='bbox 1798 677 1906 744; x_wconf 88' lang='lat' dir='ltr'>simus</span> <span class='ocrx_word' id='word_1_64' title='bbox 1933 672 2055 743; x_wconf 88' lang='lat' dir='ltr'>animo</span> <span class='ocrx_word' id='word_1_65' title='bbox 2079 672 2222 764; x_wconf 89' lang='lat' dir='ltr'>pusillo,</span> 
     </span>
     <span class='ocr_line' id='line_1_6' title="bbox 199 772 2223 868; baseline -0.001 -24"><span class='ocrx_word' id='word_1_66' title='bbox 199 777 287 860; x_wconf 88' lang='lat' dir='ltr'>l&#39;oit,</span> <span class='ocrx_word' id='word_1_67' title='bbox 311 800 420 866; x_wconf 90' lang='lat' dir='ltr'>pauca</span> <span class='ocrx_word' id='word_1_68' title='bbox 437 782 607 868; x_wconf 81' lang='lat' dir='ltr'>quaedam</span> <span class='ocrx_word' id='word_1_69' title='bbox 630 780 762 859; x_wconf 87' lang='lat' dir='ltr'>dicam,</span> <span class='ocrx_word' id='word_1_70' title='bbox 788 792 823 847; x_wconf 88' lang='lat' dir='ltr'>et</span> <span class='ocrx_word' id='word_1_71' title='bbox 838 779 977 845; x_wconf 89' lang='lat' dir='ltr'>veniam</span> <span class='ocrx_word' id='word_1_72' title='bbox 999 772 1091 845; x_wconf 89' lang='lat' dir='ltr'>mihi</span> <span class='ocrx_word' id='word_1_73' title='bbox 1108 774 1186 843; x_wconf 93' lang='lat' dir='ltr'>dari</span> <span class='ocrx_word' id='word_1_74' title='bbox 1208 776 1212 863; x_wconf 69' lang='grc' dir='ltr'>ξ</span> <span class='ocrx_word' id='word_1_75' title='bbox 1235 772 1402 855; x_wconf 82' lang='lat' dir='ltr'><strong>Domini,</strong></span> <span class='ocrx_word' id='word_1_76' title='bbox 1425 773 1494 842; x_wconf 89' lang='lat' dir='ltr'>ianr</span> <span class='ocrx_word' id='word_1_77' title='bbox 1520 774 1615 843; x_wconf 92' lang='lat' dir='ltr'>enim</span> <span class='ocrx_word' id='word_1_78' title='bbox 1632 775 1706 843; x_wconf 95' lang='lat' dir='ltr'>vidi</span> <span class='ocrx_word' id='word_1_79' title='bbox 1729 777 1865 868; x_wconf 89' lang='lat' dir='ltr'>eosqui</span> <span class='ocrx_word' id='word_1_80' title='bbox 1883 798 1947 867; x_wconf 89' lang='lat' dir='ltr'>pro</span> <span class='ocrx_word' id='word_1_81' title='bbox 1964 774 2071 844; x_wconf 88' lang='lat' dir='ltr'>nobis</span> <span class='ocrx_word' id='word_1_82' title='bbox 2085 796 2223 865; x_wconf 84' lang='lat' dir='ltr'>pugna-</span> 
     </span>
     <span class='ocr_line' id='line_1_7' title="bbox 200 870 2223 971; baseline -0.001 -26"><span class='ocrx_word' id='word_1_83' title='bbox 200 891 281 968; x_wconf 90' lang='lat' dir='ltr'>peto</span> <span class='ocrx_word' id='word_1_84' title='bbox 306 879 488 967; x_wconf 88' lang='lat' dir='ltr'>repetendi</span> <span class='ocrx_word' id='word_1_85' title='bbox 517 900 613 946; x_wconf 92' lang='lat' dir='ltr'>nunc</span> <span class='ocrx_word' id='word_1_86' title='bbox 636 884 680 947; x_wconf 91' lang='lat' dir='ltr'>de</span> <span class='ocrx_word' id='word_1_87' title='bbox 705 873 850 947; x_wconf 87' lang='lat' dir='ltr'>homine</span> <span class='ocrx_word' id='word_1_88' title='bbox 872 879 1051 947; x_wconf 87' lang='lat' dir='ltr'>carissimo</span> <span class='ocrx_word' id='word_1_89' title='bbox 1076 870 1212 945; x_wconf 77' lang='lat' dir='ltr'>morte*</span> <span class='ocrx_word' id='word_1_90' title='bbox 1235 875 1429 955; x_wconf 79' lang='lat' dir='ltr'>tarisum,</span> <span class='ocrx_word' id='word_1_91' title='bbox 1454 875 1517 965; x_wconf 90' lang='lat' dir='ltr'>qui</span> <span class='ocrx_word' id='word_1_92' title='bbox 1540 898 1605 945; x_wconf 91' lang='lat' dir='ltr'>nos</span> <span class='ocrx_word' id='word_1_93' title='bbox 1621 876 1831 962; x_wconf 81' lang='lat' dir='ltr'>defendent,</span> <span class='ocrx_word' id='word_1_94' title='bbox 1853 877 1986 971; x_wconf 88' lang='lat' dir='ltr'>quique</span> <span class='ocrx_word' id='word_1_95' title='bbox 2006 890 2134 947; x_wconf 86' lang='lat' dir='ltr'>contra</span> <span class='ocrx_word' id='word_1_96' title='bbox 2151 874 2223 943; x_wconf 85' lang='lat' dir='ltr'>rim</span> 
     </span>
     <span class='ocr_line' id='line_1_8' title="bbox 202 973 2225 1070; baseline 0 -25"><span class='ocrx_word' id='word_1_97' title='bbox 202 992 341 1066; x_wconf 90' lang='lat' dir='ltr'>erepto,</span> <span class='ocrx_word' id='word_1_98' title='bbox 366 1002 424 1061; x_wconf 89' lang='lat' dir='ltr'>ea,</span> <span class='ocrx_word' id='word_1_99' title='bbox 450 1000 540 1070; x_wconf 88' lang='lat' dir='ltr'>quae</span> <span class='ocrx_word' id='word_1_100' title='bbox 564 978 638 1068; x_wconf 91' lang='lat' dir='ltr'>ipse</span> <span class='ocrx_word' id='word_1_101' title='bbox 654 979 755 1047; x_wconf 91' lang='lat' dir='ltr'>vivus</span> <span class='ocrx_word' id='word_1_102' title='bbox 773 980 877 1050; x_wconf 90' lang='lat' dir='ltr'>nobis</span> <span class='ocrx_word' id='word_1_103' title='bbox 893 978 1096 1047; x_wconf 88' lang='lat' dir='ltr'>dulcissimo</span> <span class='ocrx_word' id='word_1_104' title='bbox 1114 999 1188 1045; x_wconf 88' lang='lat' dir='ltr'>ser·</span> <span class='ocrx_word' id='word_1_105' title='bbox 1234 998 1377 1044; x_wconf 86' lang='lat' dir='ltr'>omoem</span> <span class='ocrx_word' id='word_1_106' title='bbox 1402 974 1526 1045; x_wconf 89' lang='lat' dir='ltr'>invicti</span> <span class='ocrx_word' id='word_1_107' title='bbox 1551 991 1657 1048; x_wconf 89' lang='lat' dir='ltr'>erunt</span> <span class='ocrx_word' id='word_1_108' title='bbox 1672 989 1706 1046; x_wconf 90' lang='lat' dir='ltr'>et</span> <span class='ocrx_word' id='word_1_109' title='bbox 1728 978 1934 1046; x_wconf 89' lang='lat' dir='ltr'>manebunt.</span> <span class='ocrx_word' id='word_1_110' title='bbox 1985 973 2225 1064; x_wconf 80' lang='lat' dir='ltr'>QuaeribLu-</span> 
     </span>
     <span class='ocr_line' id='line_1_9' title="bbox 202 1072 2224 1169; baseline -0 -23"><span class='ocrx_word' id='word_1_111' title='bbox 202 1102 308 1146; x_wconf 89' lang='lat' dir='ltr'>mone</span> <span class='ocrx_word' id='word_1_112' title='bbox 323 1081 454 1147; x_wconf 82' lang='lat' dir='ltr'>referre</span> <span class='ocrx_word' id='word_1_113' title='bbox 468 1078 612 1153; x_wconf 90' lang='lat' dir='ltr'>solebat.</span> <span class='ocrx_word' id='word_1_114' title='bbox 654 1076 742 1149; x_wconf 86' lang='lat' dir='ltr'>Erat</span> <span class='ocrx_word' id='word_1_115' title='bbox 757 1080 854 1149; x_wconf 91' lang='lat' dir='ltr'>iussu</span> <span class='ocrx_word' id='word_1_116' title='bbox 872 1078 1079 1169; x_wconf 79' lang='lat' dir='ltr'>Principum</span> <span class='ocrx_word' id='word_1_117' title='bbox 1094 1076 1189 1145; x_wconf 85' lang='lat' dir='ltr'>Tor·</span> <span class='ocrx_word' id='word_1_118' title='bbox 1236 1072 1376 1159; x_wconf 89' lang='lat' dir='ltr'>theros,</span> <span class='ocrx_word' id='word_1_119' title='bbox 1397 1075 1543 1167; x_wconf 88' lang='lat' dir='ltr'>quinam</span> <span class='ocrx_word' id='word_1_120' title='bbox 1557 1092 1640 1148; x_wconf 90' lang='lat' dir='ltr'>sunt</span> <span class='ocrx_word' id='word_1_121' title='bbox 1654 1072 1692 1145; x_wconf 94' lang='lat' dir='ltr'>hi</span> <span class='ocrx_word' id='word_1_122' title='bbox 1711 1091 1780 1146; x_wconf 86' lang='lat' dir='ltr'>tarn</span> <span class='ocrx_word' id='word_1_123' title='bbox 1801 1080 1910 1148; x_wconf 84' lang='lat' dir='ltr'>sortes</span> <span class='ocrx_word' id='word_1_124' title='bbox 1922 1081 2046 1162; x_wconf 88' lang='lat' dir='ltr'>duces,</span> <span class='ocrx_word' id='word_1_125' title='bbox 2070 1100 2113 1147; x_wconf 86' lang='lat' dir='ltr'>sc</span> <span class='ocrx_word' id='word_1_126' title='bbox 2127 1075 2224 1145; x_wconf 88' lang='lat' dir='ltr'>mili·</span> 
     </span>
     <span class='ocr_line' id='line_1_10' title="bbox 202 1172 2223 1267; baseline 0.001 -23"><span class='ocrx_word' id='word_1_127' title='bbox 202 1204 266 1267; x_wconf 82' lang='lat' dir='ltr'>gae</span> <span class='ocrx_word' id='word_1_128' title='bbox 283 1180 319 1246; x_wconf 92' lang='lat' dir='ltr'>in</span> <span class='ocrx_word' id='word_1_129' title='bbox 336 1186 442 1249; x_wconf 89' lang='lat' dir='ltr'>domo</span> <span class='ocrx_word' id='word_1_130' title='bbox 458 1175 628 1266; x_wconf 87' lang='lat' dir='ltr'>Parochi,</span> <span class='ocrx_word' id='word_1_131' title='bbox 653 1179 814 1250; x_wconf 89' lang='lat' dir='ltr'>instituta</span> <span class='ocrx_word' id='word_1_132' title='bbox 829 1182 923 1249; x_wconf 89' lang='lat' dir='ltr'>inter</span> <span class='ocrx_word' id='word_1_133' title='bbox 937 1180 1106 1249; x_wconf 87' lang='lat' dir='ltr'>Doctores</span> <span class='ocrx_word' id='word_1_134' title='bbox 1121 1201 1188 1246; x_wconf 93' lang='lat' dir='ltr'>no·</span> <span class='ocrx_word' id='word_1_135' title='bbox 1237 1191 1303 1247; x_wconf 89' lang='lat' dir='ltr'>tes:</span> <span class='ocrx_word' id='word_1_136' title='bbox 1329 1172 1571 1247; x_wconf 89' lang='lat' dir='ltr'>Parochorum</span> <span class='ocrx_word' id='word_1_137' title='bbox 1592 1191 1796 1248; x_wconf 88' lang='lat' dir='ltr'>nostrorum</span> <span class='ocrx_word' id='word_1_138' title='bbox 1819 1195 1854 1250; x_wconf 94' lang='lat' dir='ltr'>et</span> <span class='ocrx_word' id='word_1_139' title='bbox 1869 1177 2113 1248; x_wconf 90' lang='lat' dir='ltr'>Diaconorum</span> <span class='ocrx_word' id='word_1_140' title='bbox 2134 1200 2223 1247; x_wconf 78' lang='lat' dir='ltr'>uxo-</span> 
     </span>
     <span class='ocr_line' id='line_1_11' title="bbox 202 1273 2222 1372; baseline -0.001 -23"><span class='ocrx_word' id='word_1_141' title='bbox 202 1295 355 1349; x_wconf 81' lang='lat' dir='ltr'>suarum</span> <span class='ocrx_word' id='word_1_142' title='bbox 371 1277 610 1349; x_wconf 88' lang='lat' dir='ltr'>Ecclesiarum</span> <span class='ocrx_word' id='word_1_143' title='bbox 635 1282 820 1372; x_wconf 89' lang='lat' dir='ltr'>primarios</span> <span class='ocrx_word' id='word_1_144' title='bbox 839 1281 1044 1351; x_wconf 73' lang='lat' dir='ltr'>deliberatio</span> <span class='ocrx_word' id='word_1_145' title='bbox 1060 1278 1191 1347; x_wconf 86' lang='lat' dir='ltr'>diffici-</span> <span class='ocrx_word' id='word_1_146' title='bbox 1237 1299 1308 1362; x_wconf 90' lang='lat' dir='ltr'>res,</span> <span class='ocrx_word' id='word_1_147' title='bbox 1333 1276 1451 1370; x_wconf 89' lang='lat' dir='ltr'>inquit</span> <span class='ocrx_word' id='word_1_148' title='bbox 1467 1273 1672 1370; x_wconf 90' lang='lat' dir='ltr'>Philippus,</span> <span class='ocrx_word' id='word_1_149' title='bbox 1697 1294 1730 1347; x_wconf 89' lang='lat' dir='ltr'>et</span> <span class='ocrx_word' id='word_1_150' title='bbox 1755 1282 1895 1368; x_wconf 90' lang='lat' dir='ltr'>parvuli</span> <span class='ocrx_word' id='word_1_151' title='bbox 1919 1278 2043 1363; x_wconf 89' lang='lat' dir='ltr'>liberi,</span> <span class='ocrx_word' id='word_1_152' title='bbox 2068 1300 2222 1371; x_wconf 84' lang='lat' dir='ltr'>quorum</span> 
     </span>
     <span class='ocr_line' id='line_1_12' title="bbox 203 1378 2224 1475; baseline -0.001 -26"><span class='ocrx_word' id='word_1_153' title='bbox 203 1380 302 1454; x_wconf 88' lang='lat' dir='ltr'>lima.</span> <span class='ocrx_word' id='word_1_154' title='bbox 353 1378 560 1449; x_wconf 85' lang='lat' dir='ltr'>Adversarii</span> <span class='ocrx_word' id='word_1_155' title='bbox 581 1383 676 1451; x_wconf 87' lang='lat' dir='ltr'>enim</span> <span class='ocrx_word' id='word_1_156' title='bbox 703 1396 788 1451; x_wconf 93' lang='lat' dir='ltr'>tunc</span> <span class='ocrx_word' id='word_1_157' title='bbox 800 1399 900 1475; x_wconf 75' lang='lat' dir='ltr'>&#39;pene</span> <span class='ocrx_word' id='word_1_158' title='bbox 922 1381 1043 1471; x_wconf 90' lang='lat' dir='ltr'>iugulo</span> <span class='ocrx_word' id='word_1_159' title='bbox 1067 1392 1189 1448; x_wconf 88' lang='lat' dir='ltr'>nostro</span> <span class='ocrx_word' id='word_1_160' title='bbox 1238 1402 1357 1469; x_wconf 84' lang='lat' dir='ltr'>preces</span> <span class='ocrx_word' id='word_1_161' title='bbox 1371 1380 1442 1447; x_wconf 88' lang='lat' dir='ltr'>iam</span> <span class='ocrx_word' id='word_1_162' title='bbox 1457 1379 1597 1465; x_wconf 88' lang='lat' dir='ltr'>audivi,</span> <span class='ocrx_word' id='word_1_163' title='bbox 1623 1402 1710 1473; x_wconf 87' lang='lat' dir='ltr'>quas</span> <span class='ocrx_word' id='word_1_164' title='bbox 1727 1379 1823 1450; x_wconf 89' lang='lat' dir='ltr'>Deus</span> <span class='ocrx_word' id='word_1_165' title='bbox 1838 1405 1912 1449; x_wconf 94' lang='lat' dir='ltr'>non</span> <span class='ocrx_word' id='word_1_166' title='bbox 1928 1392 1979 1449; x_wconf 89' lang='lat' dir='ltr'>est</span> <span class='ocrx_word' id='word_1_167' title='bbox 1993 1381 2113 1450; x_wconf 86' lang='lat' dir='ltr'>surdis</span> <span class='ocrx_word' id='word_1_168' title='bbox 2127 1378 2224 1449; x_wconf 85' lang='lat' dir='ltr'>auri·</span> 
     </span>
     <span class='ocr_line' id='line_1_13' title="bbox 202 1477 2224 1573; baseline 0 -24"><span class='ocrx_word' id='word_1_169' title='bbox 202 1482 337 1550; x_wconf 83' lang='lat' dir='ltr'>ferrum</span> <span class='ocrx_word' id='word_1_170' title='bbox 360 1483 597 1554; x_wconf 78' lang='lat' dir='ltr'>admovebant</span> <span class='ocrx_word' id='word_1_171' title='bbox 623 1497 657 1552; x_wconf 91' lang='lat' dir='ltr'>et</span> <span class='ocrx_word' id='word_1_172' title='bbox 680 1485 841 1573; x_wconf 90' lang='lat' dir='ltr'>superior</span> <span class='ocrx_word' id='word_1_173' title='bbox 863 1496 1033 1573; x_wconf 89' lang='lat' dir='ltr'>potestas,</span> <span class='ocrx_word' id='word_1_174' title='bbox 1058 1503 1190 1572; x_wconf 86' lang='lat' dir='ltr'>pacem,</span> <span class='ocrx_word' id='word_1_175' title='bbox 1239 1482 1304 1548; x_wconf 88' lang='lat' dir='ltr'>bus</span> <span class='ocrx_word' id='word_1_176' title='bbox 1321 1480 1518 1550; x_wconf 83' lang='lat' dir='ltr'>auditurus.</span> <span class='ocrx_word' id='word_1_177' title='bbox 1564 1480 1685 1573; x_wconf 87' lang='lat' dir='ltr'>Neque</span> <span class='ocrx_word' id='word_1_178' title='bbox 1698 1503 1757 1550; x_wconf 92' lang='lat' dir='ltr'>eas</span> <span class='ocrx_word' id='word_1_179' title='bbox 1772 1477 1888 1550; x_wconf 92' lang='lat' dir='ltr'>adhuc</span> <span class='ocrx_word' id='word_1_180' title='bbox 1905 1481 2057 1570; x_wconf 84' lang='lat' dir='ltr'>neglexit</span> <span class='ocrx_word' id='word_1_181' title='bbox 2068 1480 2224 1573; x_wconf 86' lang='lat' dir='ltr'>optimus</span> 
     </span>
     <span class='ocr_line' id='line_1_14' title="bbox 206 1578 2225 1675; baseline 0 -26"><span class='ocrx_word' id='word_1_182' title='bbox 206 1606 313 1673; x_wconf 88' lang='lat' dir='ltr'>qoam</span> <span class='ocrx_word' id='word_1_183' title='bbox 335 1582 437 1651; x_wconf 87' lang='lat' dir='ltr'>toties</span> <span class='ocrx_word' id='word_1_184' title='bbox 463 1585 574 1652; x_wconf 89' lang='lat' dir='ltr'>nostri</span> <span class='ocrx_word' id='word_1_185' title='bbox 604 1584 777 1674; x_wconf 87' lang='lat' dir='ltr'>supplices</span> <span class='ocrx_word' id='word_1_186' title='bbox 808 1586 1006 1675; x_wconf 87' lang='lat' dir='ltr'>petiverant</span> <span class='ocrx_word' id='word_1_187' title='bbox 1034 1583 1071 1649; x_wconf 94' lang='lat' dir='ltr'>in</span> <span class='ocrx_word' id='word_1_188' title='bbox 1099 1581 1189 1648; x_wconf 89' lang='lat' dir='ltr'>libra</span> <span class='ocrx_word' id='word_1_189' title='bbox 1239 1579 1342 1648; x_wconf 87' lang='lat' dir='ltr'>Pater</span> <span class='ocrx_word' id='word_1_190' title='bbox 1363 1578 1510 1649; x_wconf 90' lang='lat' dir='ltr'>Domini</span> <span class='ocrx_word' id='word_1_191' title='bbox 1533 1582 1645 1651; x_wconf 88' lang='lat' dir='ltr'>nostri</span> <span class='ocrx_word' id='word_1_192' title='bbox 1671 1579 1751 1652; x_wconf 91' lang='lat' dir='ltr'>lesu</span> <span class='ocrx_word' id='word_1_193' title='bbox 1770 1578 1922 1665; x_wconf 80' lang='lat' dir='ltr'>Christi,</span> <span class='ocrx_word' id='word_1_194' title='bbox 1948 1606 2014 1650; x_wconf 87' lang='lat' dir='ltr'>nec</span> <span class='ocrx_word' id='word_1_195' title='bbox 2033 1604 2163 1671; x_wconf 89' lang='lat' dir='ltr'>porro,</span> <span class='ocrx_word' id='word_1_196' title='bbox 2186 1593 2225 1651; x_wconf 88' lang='lat' dir='ltr'>ut</span> 
     </span>
     <span class='ocr_line' id='line_1_15' title="bbox 208 1679 2225 1776; baseline 0 -25"><span class='ocrx_word' id='word_1_197' title='bbox 208 1682 380 1766; x_wconf 82' lang='lat' dir='ltr'>aurificis,</span> <span class='ocrx_word' id='word_1_198' title='bbox 404 1695 445 1751; x_wconf 89' lang='lat' dir='ltr'>ut</span> <span class='ocrx_word' id='word_1_199' title='bbox 460 1686 603 1776; x_wconf 91' lang='lat' dir='ltr'>quidam</span> <span class='ocrx_word' id='word_1_200' title='bbox 619 1699 798 1775; x_wconf 88' lang='lat' dir='ltr'>praestans</span> <span class='ocrx_word' id='word_1_201' title='bbox 810 1699 844 1755; x_wconf 92' lang='lat' dir='ltr'>et</span> <span class='ocrx_word' id='word_1_202' title='bbox 858 1707 1006 1772; x_wconf 89' lang='lat' dir='ltr'>magnus</span> <span class='ocrx_word' id='word_1_203' title='bbox 1021 1684 1076 1750; x_wconf 93' lang='lat' dir='ltr'>vir</span> <span class='ocrx_word' id='word_1_204' title='bbox 1091 1682 1191 1765; x_wconf 86' lang='lat' dir='ltr'>dixit,</span> <span class='ocrx_word' id='word_1_205' title='bbox 1239 1704 1438 1770; x_wconf 89' lang='lat' dir='ltr'>speramus,</span> <span class='ocrx_word' id='word_1_206' title='bbox 1464 1682 1627 1770; x_wconf 81' lang='lat' dir='ltr'>negliget.</span> <span class='ocrx_word' id='word_1_207' title='bbox 1678 1679 1854 1773; x_wconf 81' lang='lat' dir='ltr'>Exceptus</span> <span class='ocrx_word' id='word_1_208' title='bbox 1867 1683 1926 1751; x_wconf 92' lang='lat' dir='ltr'>hic</span> <span class='ocrx_word' id='word_1_209' title='bbox 1946 1706 2064 1751; x_wconf 88' lang='lat' dir='ltr'>sermo</span> <span class='ocrx_word' id='word_1_210' title='bbox 2086 1696 2161 1767; x_wconf 86' lang='lat' dir='ltr'>est,</span> <span class='ocrx_word' id='word_1_211' title='bbox 2185 1692 2225 1751; x_wconf 86' lang='lat' dir='ltr'>ut</span> 
     </span>
     <span class='ocr_line' id='line_1_16' title="bbox 208 1781 2224 1878; baseline 0 -28"><span class='ocrx_word' id='word_1_212' title='bbox 208 1784 313 1851; x_wconf 89' lang='lat' dir='ltr'>nobis</span> <span class='ocrx_word' id='word_1_213' title='bbox 334 1783 609 1869; x_wconf 86' lang='lat' dir='ltr'>admetiebatur,</span> <span class='ocrx_word' id='word_1_214' title='bbox 641 1784 823 1878; x_wconf 85' lang='lat' dir='ltr'>nostrique</span> <span class='ocrx_word' id='word_1_215' title='bbox 844 1783 1043 1875; x_wconf 88' lang='lat' dir='ltr'>Principes,</span> <span class='ocrx_word' id='word_1_216' title='bbox 1075 1783 1190 1873; x_wconf 89' lang='lat' dir='ltr'>etqui</span> <span class='ocrx_word' id='word_1_217' title='bbox 1238 1781 1321 1849; x_wconf 81' lang='lat' dir='ltr'>felix</span> <span class='ocrx_word' id='word_1_218' title='bbox 1342 1795 1376 1850; x_wconf 91' lang='lat' dir='ltr'>et</span> <span class='ocrx_word' id='word_1_219' title='bbox 1398 1782 1553 1852; x_wconf 87' lang='lat' dir='ltr'>faustum</span> <span class='ocrx_word' id='word_1_220' title='bbox 1576 1806 1702 1868; x_wconf 89' lang='lat' dir='ltr'>omen,</span> <span class='ocrx_word' id='word_1_221' title='bbox 1725 1796 1760 1852; x_wconf 88' lang='lat' dir='ltr'>et</span> <span class='ocrx_word' id='word_1_222' title='bbox 1781 1784 1852 1853; x_wconf 89' lang='lat' dir='ltr'>iam</span> <span class='ocrx_word' id='word_1_223' title='bbox 1866 1785 1995 1853; x_wconf 89' lang='lat' dir='ltr'>animis</span> <span class='ocrx_word' id='word_1_224' title='bbox 2008 1783 2122 1871; x_wconf 88' lang='lat' dir='ltr'>magis</span> <span class='ocrx_word' id='word_1_225' title='bbox 2140 1806 2224 1853; x_wconf 88' lang='lat' dir='ltr'>cou-</span> 
     </span>
     <span class='ocr_line' id='line_1_17' title="bbox 208 1881 2224 1977; baseline -0.001 -25"><span class='ocrx_word' id='word_1_226' title='bbox 208 1884 384 1952; x_wconf 89' lang='lat' dir='ltr'>docebant</span> <span class='ocrx_word' id='word_1_227' title='bbox 422 1907 495 1952; x_wconf 92' lang='lat' dir='ltr'>non</span> <span class='ocrx_word' id='word_1_228' title='bbox 536 1885 606 1953; x_wconf 92' lang='lat' dir='ltr'>levi</span> <span class='ocrx_word' id='word_1_229' title='bbox 645 1885 689 1953; x_wconf 94' lang='lat' dir='ltr'>de</span> <span class='ocrx_word' id='word_1_230' title='bbox 730 1898 841 1955; x_wconf 85' lang='lat' dir='ltr'>causa</span> <span class='ocrx_word' id='word_1_231' title='bbox 865 1884 1190 1955; x_wconf 87' lang='lat' dir='ltr'>commovebantur.</span> <span class='ocrx_word' id='word_1_232' title='bbox 1238 1881 1388 1966; x_wconf 87' lang='lat' dir='ltr'>firmati,</span> <span class='ocrx_word' id='word_1_233' title='bbox 1417 1894 1576 1953; x_wconf 89' lang='lat' dir='ltr'>statuunt</span> <span class='ocrx_word' id='word_1_234' title='bbox 1598 1885 1636 1952; x_wconf 92' lang='lat' dir='ltr'>id</span> <span class='ocrx_word' id='word_1_235' title='bbox 1650 1885 1746 1977; x_wconf 93' lang='lat' dir='ltr'>quod</span> <span class='ocrx_word' id='word_1_236' title='bbox 1764 1885 1842 1975; x_wconf 89' lang='lat' dir='ltr'>pios</span> <span class='ocrx_word' id='word_1_237' title='bbox 1861 1899 1895 1954; x_wconf 90' lang='lat' dir='ltr'>et</span> <span class='ocrx_word' id='word_1_238' title='bbox 1912 1897 2113 1955; x_wconf 87' lang='lat' dir='ltr'>constantes</span> <span class='ocrx_word' id='word_1_239' title='bbox 2125 1883 2224 1954; x_wconf 87' lang='lat' dir='ltr'>verbi</span> 
     </span>
     <span class='ocr_line' id='line_1_18' title="bbox 208 1979 2225 2079; baseline 0 -27"><span class='ocrx_word' id='word_1_240' title='bbox 208 1988 434 2072; x_wconf 79' lang='lat' dir='ltr'>Quapropter</span> <span class='ocrx_word' id='word_1_241' title='bbox 457 1982 499 2053; x_wconf 92' lang='lat' dir='ltr'>D.</span> <span class='ocrx_word' id='word_1_242' title='bbox 515 1982 695 2053; x_wconf 89' lang='lat' dir='ltr'>Martinus</span> <span class='ocrx_word' id='word_1_243' title='bbox 717 1999 752 2054; x_wconf 91' lang='lat' dir='ltr'>ct</span> <span class='ocrx_word' id='word_1_244' title='bbox 768 1986 829 2055; x_wconf 92' lang='lat' dir='ltr'>alii</span> <span class='ocrx_word' id='word_1_245' title='bbox 853 1987 997 2079; x_wconf 89' lang='lat' dir='ltr'>quidam</span> <span class='ocrx_word' id='word_1_246' title='bbox 1017 1987 1191 2064; x_wconf 90' lang='lat' dir='ltr'>docentes,</span> <span class='ocrx_word' id='word_1_247' title='bbox 1240 1982 1355 2049; x_wconf 91' lang='lat' dir='ltr'>divini</span> <span class='ocrx_word' id='word_1_248' title='bbox 1378 1979 1542 2053; x_wconf 91' lang='lat' dir='ltr'>Doctoris</span> <span class='ocrx_word' id='word_1_249' title='bbox 1564 1986 1728 2069; x_wconf 89' lang='lat' dir='ltr'>decebat,</span> <span class='ocrx_word' id='word_1_250' title='bbox 1753 1999 1787 2054; x_wconf 86' lang='lat' dir='ltr'>et</span> <span class='ocrx_word' id='word_1_251' title='bbox 1809 1986 1899 2056; x_wconf 89' lang='lat' dir='ltr'>illud</span> <span class='ocrx_word' id='word_1_252' title='bbox 1924 1986 2083 2077; x_wconf 84' lang='lat' dir='ltr'>ipsorum</span> <span class='ocrx_word' id='word_1_253' title='bbox 2106 1983 2225 2055; x_wconf 90' lang='lat' dir='ltr'>consi·</span> 
     </span>
     <span class='ocr_line' id='line_1_19' title="bbox 209 2081 2222 2172; baseline 0 -20"><span class='ocrx_word' id='word_1_254' title='bbox 209 2082 363 2172; x_wconf 85' lang='lat' dir='ltr'>&#39;l&#39;orgam</span> <span class='ocrx_word' id='word_1_255' title='bbox 381 2086 683 2169; x_wconf 87' lang='lat' dir='ltr'>convocabantur,</span> <span class='ocrx_word' id='word_1_256' title='bbox 707 2086 770 2155; x_wconf 90' lang='lat' dir='ltr'>ubi</span> <span class='ocrx_word' id='word_1_257' title='bbox 783 2100 869 2156; x_wconf 89' lang='lat' dir='ltr'>tunc</span> <span class='ocrx_word' id='word_1_258' title='bbox 885 2087 964 2155; x_wconf 90' lang='lat' dir='ltr'>aula</span> <span class='ocrx_word' id='word_1_259' title='bbox 980 2099 1071 2164; x_wconf 86' lang='lat' dir='ltr'>erat,</span> <span class='ocrx_word' id='word_1_260' title='bbox 1095 2097 1136 2152; x_wconf 86' lang='lat' dir='ltr'>ut</span> <span class='ocrx_word' id='word_1_261' title='bbox 1154 2083 1191 2150; x_wconf 90' lang='lat' dir='ltr'>in</span> <span class='ocrx_word' id='word_1_262' title='bbox 1241 2081 1346 2165; x_wconf 90' lang='lat' dir='ltr'>lium,</span> <span class='ocrx_word' id='word_1_263' title='bbox 1370 2083 1540 2153; x_wconf 87' lang='lat' dir='ltr'>beneficio</span> <span class='ocrx_word' id='word_1_264' title='bbox 1556 2082 1624 2153; x_wconf 90' lang='lat' dir='ltr'>Dei</span> <span class='ocrx_word' id='word_1_265' title='bbox 1645 2085 1796 2154; x_wconf 88' lang='lat' dir='ltr'>salutare</span> <span class='ocrx_word' id='word_1_266' title='bbox 1816 2088 1881 2155; x_wconf 86' lang='lat' dir='ltr'>luit</span> <span class='ocrx_word' id='word_1_267' title='bbox 1897 2084 2084 2166; x_wconf 87' lang='lat' dir='ltr'>Ecclesiis‚</span> <span class='ocrx_word' id='word_1_268' title='bbox 2111 2100 2147 2155; x_wconf 89' lang='lat' dir='ltr'>et</span> <span class='ocrx_word' id='word_1_269' title='bbox 2161 2088 2222 2153; x_wconf 89' lang='lat' dir='ltr'>ad-</span> 
     </span>
     <span class='ocr_line' id='line_1_20' title="bbox 208 2182 2223 2278; baseline 0.001 -27"><span class='ocrx_word' id='word_1_270' title='bbox 208 2183 365 2253; x_wconf 86' lang='lat' dir='ltr'>medium</span> <span class='ocrx_word' id='word_1_271' title='bbox 382 2185 617 2265; x_wconf 85' lang='lat' dir='ltr'>consulerent,</span> <span class='ocrx_word' id='word_1_272' title='bbox 642 2186 726 2278; x_wconf 90' lang='lat' dir='ltr'>quid</span> <span class='ocrx_word' id='word_1_273' title='bbox 740 2187 827 2270; x_wconf 86' lang='lat' dir='ltr'>lieri,</span> <span class='ocrx_word' id='word_1_274' title='bbox 853 2188 909 2254; x_wconf 90' lang='lat' dir='ltr'>vel</span> <span class='ocrx_word' id='word_1_275' title='bbox 927 2210 1002 2254; x_wconf 91' lang='lat' dir='ltr'>non</span> <span class='ocrx_word' id='word_1_276' title='bbox 1018 2185 1095 2253; x_wconf 86' lang='lat' dir='ltr'>fieri</span> <span class='ocrx_word' id='word_1_277' title='bbox 1108 2207 1190 2273; x_wconf 89' lang='lat' dir='ltr'>pos-</span> <span class='ocrx_word' id='word_1_278' title='bbox 1240 2182 1444 2267; x_wconf 75' lang='lat' dir='ltr'>dictionem,</span> <span class='ocrx_word' id='word_1_279' title='bbox 1459 2208 1549 2277; x_wconf 90' lang='lat' dir='ltr'>quae</span> <span class='ocrx_word' id='word_1_280' title='bbox 1561 2186 1780 2266; x_wconf 90' lang='lat' dir='ltr'>imminebat,</span> <span class='ocrx_word' id='word_1_281' title='bbox 1797 2184 1893 2256; x_wconf 88' lang='lat' dir='ltr'>Deus</span> <span class='ocrx_word' id='word_1_282' title='bbox 1907 2187 2099 2255; x_wconf 89' lang='lat' dir='ltr'>clementer</span> <span class='ocrx_word' id='word_1_283' title='bbox 2112 2185 2223 2255; x_wconf 85' lang='lat' dir='ltr'>leniit.</span> 
     </span>
     <span class='ocr_line' id='line_1_21' title="bbox 210 2280 2223 2379; baseline 0.002 -28"><span class='ocrx_word' id='word_1_284' title='bbox 210 2297 272 2355; x_wconf 83' lang='lat' dir='ltr'>set.</span> <span class='ocrx_word' id='word_1_285' title='bbox 318 2280 529 2354; x_wconf 85' lang='lat' dir='ltr'>Existiment</span> <span class='ocrx_word' id='word_1_286' title='bbox 544 2286 615 2354; x_wconf 89' lang='lat' dir='ltr'>iam</span> <span class='ocrx_word' id='word_1_287' title='bbox 630 2286 684 2354; x_wconf 93' lang='lat' dir='ltr'>illi</span> <span class='ocrx_word' id='word_1_288' title='bbox 698 2284 846 2372; x_wconf 77' lang='lat' dir='ltr'>Heroe&#39;s,</span> <span class='ocrx_word' id='word_1_289' title='bbox 870 2288 932 2379; x_wconf 89' lang='lat' dir='ltr'>qui</span> <span class='ocrx_word' id='word_1_290' title='bbox 949 2310 1045 2355; x_wconf 91' lang='lat' dir='ltr'>nunc</span> <span class='ocrx_word' id='word_1_291' title='bbox 1061 2286 1190 2354; x_wconf 90' lang='lat' dir='ltr'>intuto</span> <span class='ocrx_word' id='word_1_292' title='bbox 1239 2281 1382 2353; x_wconf 87' lang='lat' dir='ltr'>Possem</span> <span class='ocrx_word' id='word_1_293' title='bbox 1398 2285 1466 2354; x_wconf 91' lang='lat' dir='ltr'>alia</span> <span class='ocrx_word' id='word_1_294' title='bbox 1484 2286 1594 2355; x_wconf 90' lang='lat' dir='ltr'>multa</span> <span class='ocrx_word' id='word_1_295' title='bbox 1609 2310 1899 2370; x_wconf 89' lang='lat' dir='ltr'>commemorare,</span> <span class='ocrx_word' id='word_1_296' title='bbox 1925 2310 2015 2379; x_wconf 89' lang='lat' dir='ltr'>qnae</span> <span class='ocrx_word' id='word_1_297' title='bbox 2031 2290 2223 2356; x_wconf 88' lang='lat' dir='ltr'>ostendunt</span> 
     </span>
     <span class='ocr_line' id='line_1_22' title="bbox 209 2381 2224 2480; baseline 0.002 -27"><span class='ocrx_word' id='word_1_298' title='bbox 209 2388 342 2453; x_wconf 84' lang='lat' dir='ltr'>seroces</span> <span class='ocrx_word' id='word_1_299' title='bbox 372 2399 473 2466; x_wconf 89' lang='lat' dir='ltr'>sunt,</span> <span class='ocrx_word' id='word_1_300' title='bbox 505 2386 567 2478; x_wconf 91' lang='lat' dir='ltr'>qui</span> <span class='ocrx_word' id='word_1_301' title='bbox 594 2401 678 2456; x_wconf 92' lang='lat' dir='ltr'>tunc</span> <span class='ocrx_word' id='word_1_302' title='bbox 706 2388 810 2476; x_wconf 91' lang='lat' dir='ltr'>Agon</span> <span class='ocrx_word' id='word_1_303' title='bbox 836 2388 1047 2457; x_wconf 89' lang='lat' dir='ltr'>constitutus</span> <span class='ocrx_word' id='word_1_304' title='bbox 1076 2386 1192 2455; x_wconf 85' lang='lat' dir='ltr'>luerit.</span> <span class='ocrx_word' id='word_1_305' title='bbox 1240 2386 1344 2454; x_wconf 89' lang='lat' dir='ltr'>etiam</span> <span class='ocrx_word' id='word_1_306' title='bbox 1360 2384 1442 2453; x_wconf 92' lang='lat' dir='ltr'>vivo</span> <span class='ocrx_word' id='word_1_307' title='bbox 1459 2381 1628 2471; x_wconf 89' lang='lat' dir='ltr'>Lothero,</span> <span class='ocrx_word' id='word_1_308' title='bbox 1648 2382 1856 2478; x_wconf 85' lang='lat' dir='ltr'>Philippum</span> <span class='ocrx_word' id='word_1_309' title='bbox 1871 2388 2003 2458; x_wconf 83' lang='lat' dir='ltr'>nostris</span> <span class='ocrx_word' id='word_1_310' title='bbox 2017 2387 2224 2480; x_wconf 85' lang='lat' dir='ltr'>neutiquam</span> 
     </span>
     <span class='ocr_line' id='line_1_23' title="bbox 209 2483 2225 2572; baseline 0.001 -19"><span class='ocrx_word' id='word_1_311' title='bbox 209 2484 300 2553; x_wconf 80' lang='lat' dir='ltr'>Nam</span> <span class='ocrx_word' id='word_1_312' title='bbox 317 2500 357 2556; x_wconf 93' lang='lat' dir='ltr'>ut</span> <span class='ocrx_word' id='word_1_313' title='bbox 372 2487 535 2554; x_wconf 82' lang='lat' dir='ltr'>demittis</span> <span class='ocrx_word' id='word_1_314' title='bbox 550 2501 694 2572; x_wconf 90' lang='lat' dir='ltr'>taceam,</span> <span class='ocrx_word' id='word_1_315' title='bbox 719 2503 970 2559; x_wconf 88' lang='lat' dir='ltr'>conatuscerte</span> <span class='ocrx_word' id='word_1_316' title='bbox 986 2504 1020 2556; x_wconf 89' lang='lat' dir='ltr'>ct</span> <span class='ocrx_word' id='word_1_317' title='bbox 1034 2486 1192 2555; x_wconf 92' lang='lat' dir='ltr'>molitio·</span> <span class='ocrx_word' id='word_1_318' title='bbox 1241 2486 1419 2555; x_wconf 86' lang='lat' dir='ltr'>metuendi</span> <span class='ocrx_word' id='word_1_319' title='bbox 1438 2499 1614 2571; x_wconf 90' lang='lat' dir='ltr'>autorem,</span> <span class='ocrx_word' id='word_1_320' title='bbox 1640 2490 1699 2557; x_wconf 90' lang='lat' dir='ltr'>sed</span> <span class='ocrx_word' id='word_1_321' title='bbox 1719 2490 1761 2556; x_wconf 92' lang='lat' dir='ltr'>ad</span> <span class='ocrx_word' id='word_1_322' title='bbox 1787 2489 1952 2558; x_wconf 82' lang='lat' dir='ltr'>fiduciam</span> <span class='ocrx_word' id='word_1_323' title='bbox 1975 2483 2176 2560; x_wconf 76' lang='lat' dir='ltr'>inebriato</span> <span class='ocrx_word' id='word_1_324' title='bbox 2192 2500 2225 2557; x_wconf 90' lang='lat' dir='ltr'>et</span> 
     </span>
     <span class='ocr_line' id='line_1_24' title="bbox 208 2583 1985 2682; baseline 0.003 -29"><span class='ocrx_word' id='word_1_325' title='bbox 208 2609 271 2653; x_wconf 89' lang='lat' dir='ltr'>nes</span> <span class='ocrx_word' id='word_1_326' title='bbox 286 2586 566 2658; x_wconf 88' lang='lat' dir='ltr'>adversariorum</span> <span class='ocrx_word' id='word_1_327' title='bbox 583 2588 755 2657; x_wconf 90' lang='lat' dir='ltr'>eiusmodi</span> <span class='ocrx_word' id='word_1_328' title='bbox 771 2602 889 2673; x_wconf 90' lang='lat' dir='ltr'>erant,</span> <span class='ocrx_word' id='word_1_329' title='bbox 913 2612 1022 2682; x_wconf 91' lang='lat' dir='ltr'>eaque</span> <span class='ocrx_word' id='word_1_330' title='bbox 1037 2586 1191 2675; x_wconf 89' lang='lat' dir='ltr'>pericula</span> <span class='ocrx_word' id='word_1_331' title='bbox 1241 2588 1470 2657; x_wconf 86' lang='lat' dir='ltr'>constantiam</span> <span class='ocrx_word' id='word_1_332' title='bbox 1486 2611 1623 2680; x_wconf 88' lang='lat' dir='ltr'>semper</span> <span class='ocrx_word' id='word_1_333' title='bbox 1637 2583 1854 2659; x_wconf 84' lang='lat' dir='ltr'>hortatorem</span> <span class='ocrx_word' id='word_1_334' title='bbox 1867 2591 1985 2660; x_wconf 86' lang='lat' dir='ltr'>fuisse.</span> 
     </span>
     <span class='ocr_line' id='line_1_25' title="bbox 210 2687 1191 2781; baseline 0.003 -28"><span class='ocrx_word' id='word_1_335' title='bbox 210 2687 314 2755; x_wconf 90' lang='lat' dir='ltr'>nobis</span> <span class='ocrx_word' id='word_1_336' title='bbox 332 2687 602 2777; x_wconf 85' lang='lat' dir='ltr'>impendebant,</span> <span class='ocrx_word' id='word_1_337' title='bbox 626 2712 716 2781; x_wconf 92' lang='lat' dir='ltr'>quae</span> <span class='ocrx_word' id='word_1_338' title='bbox 733 2712 837 2758; x_wconf 91' lang='lat' dir='ltr'>nemo</span> <span class='ocrx_word' id='word_1_339' title='bbox 854 2713 960 2758; x_wconf 89' lang='lat' dir='ltr'>sanus</span> <span class='ocrx_word' id='word_1_340' title='bbox 981 2688 1083 2757; x_wconf 79' lang='lat' dir='ltr'>facile</span> <span class='ocrx_word' id='word_1_341' title='bbox 1106 2711 1191 2756; x_wconf 91' lang='lat' dir='ltr'>con-</span> 
     </span>
    </p>
   </div>
   <div class='ocr_carea' id='block_1_3' title="bbox 212 2716 2226 2881">
    <p class='ocr_par' dir='ltr' id='par_1_3' title="bbox 212 2716 2226 2881">
     <span class='ocr_line' id='line_1_26' title="bbox 566 2716 2226 2816; baseline 0 -23"><span class='ocrx_word' id='word_1_342' title='bbox 566 2786 579 2809; x_wconf 62' lang='lat'>,</span> <span class='ocrx_word' id='word_1_343' title='bbox 851 2791 859 2806; x_wconf 68' lang='grc'><strong>,</strong></span> <span class='ocrx_word' id='word_1_344' title='bbox 926 2790 935 2805; x_wconf 64' lang='lat'>,</span> <span class='ocrx_word' id='word_1_345' title='bbox 985 2790 993 2806; x_wconf 66' lang='grc'><em>,</em></span> <span class='ocrx_word' id='word_1_346' title='bbox 1121 2789 1129 2806; x_wconf 65' lang='grc'><em>,</em></span> <span class='ocrx_word' id='word_1_347' title='bbox 1342 2716 1495 2801; x_wconf 88' lang='lat' dir='ltr'>Verum,</span> <span class='ocrx_word' id='word_1_348' title='bbox 1528 2743 1608 2790; x_wconf 88' lang='lat' dir='ltr'>cum</span> <span class='ocrx_word' id='word_1_349' title='bbox 1633 2723 1727 2789; x_wconf 83' lang='lat' dir='ltr'>idern</span> <span class='ocrx_word' id='word_1_350' title='bbox 1755 2724 1952 2816; x_wconf 87' lang='lat' dir='ltr'>loquuntur</span> <span class='ocrx_word' id='word_1_351' title='bbox 1972 2722 2092 2791; x_wconf 87' lang='lat' dir='ltr'>omnia</span> <span class='ocrx_word' id='word_1_352' title='bbox 2116 2721 2226 2813; x_wconf 89' lang='lat' dir='ltr'>ipsius</span> 
     </span>
     <span class='ocr_line' id='line_1_27' title="bbox 212 2788 1191 2881; baseline 0.002 -26"><span class='ocrx_word' id='word_1_353' title='bbox 212 2804 368 2855; x_wconf 89' lang='lat' dir='ltr'>temnere</span> <span class='ocrx_word' id='word_1_354' title='bbox 383 2801 509 2875; x_wconf 86' lang='lat' dir='ltr'>posset.</span> <span class='ocrx_word' id='word_1_355' title='bbox 549 2790 681 2859; x_wconf 71' lang='lat' dir='ltr'>bontra</span> <span class='ocrx_word' id='word_1_356' title='bbox 694 2813 784 2881; x_wconf 84' lang='lat' dir='ltr'>quae</span> <span class='ocrx_word' id='word_1_357' title='bbox 797 2806 862 2859; x_wconf 75' lang='lat' dir='ltr'>etsi</span> <span class='ocrx_word' id='word_1_358' title='bbox 875 2788 1057 2879; x_wconf 74' lang='lat' dir='ltr'>Principes</span> <span class='ocrx_word' id='word_1_359' title='bbox 1072 2812 1191 2857; x_wconf 72' lang='lat' dir='ltr'>animo</span> 
     </span>
    </p>
   </div>
   <div class='ocr_carea' id='block_1_4' title="bbox 1239 2816 2227 3320">
    <p class='ocr_par' dir='ltr' id='par_1_4' title="bbox 1239 2816 2227 3320">
     <span class='ocr_line' id='line_1_28' title="bbox 1239 2816 2226 2913; baseline 0.003 -25"><span class='ocrx_word' id='word_1_360' title='bbox 1239 2818 1390 2909; x_wconf 88' lang='lat' dir='ltr'>scripta,</span> <span class='ocrx_word' id='word_1_361' title='bbox 1414 2822 1560 2892; x_wconf 86' lang='lat' dir='ltr'>sortasse</span> <span class='ocrx_word' id='word_1_362' title='bbox 1580 2846 1876 2913; x_wconf 88' lang='lat' dir='ltr'>supervacaneum</span> <span class='ocrx_word' id='word_1_363' title='bbox 1894 2824 2057 2893; x_wconf 88' lang='lat' dir='ltr'>videatur</span> <span class='ocrx_word' id='word_1_364' title='bbox 2076 2816 2134 2893; x_wconf 88' lang='lat' dir='ltr'>his</span> <span class='ocrx_word' id='word_1_365' title='bbox 2158 2820 2226 2891; x_wconf 91' lang='lat' dir='ltr'>im·</span> 
     </span>
     <span class='ocr_line' id='line_1_29' title="bbox 1240 2920 2227 3014; baseline 0.006 -27"><span class='ocrx_word' id='word_1_366' title='bbox 1240 2923 1383 2992; x_wconf 87' lang='lat' dir='ltr'>morari.</span> <span class='ocrx_word' id='word_1_367' title='bbox 1443 2920 1549 3011; x_wconf 81' lang='lat' dir='ltr'>Quod</span> <span class='ocrx_word' id='word_1_368' title='bbox 1574 2941 1691 2993; x_wconf 88' lang='lat' dir='ltr'>autem</span> <span class='ocrx_word' id='word_1_369' title='bbox 1711 2924 1825 2993; x_wconf 91' lang='lat' dir='ltr'>lenior</span> <span class='ocrx_word' id='word_1_370' title='bbox 1847 2939 1973 2995; x_wconf 86' lang='lat' dir='ltr'>natttra</span> <span class='ocrx_word' id='word_1_371' title='bbox 1995 2936 2032 2995; x_wconf 85' lang='lat' dir='ltr'>et</span> <span class='ocrx_word' id='word_1_372' title='bbox 2053 2924 2227 3014; x_wconf 84' lang='lat' dir='ltr'>placidior</span> 
     </span>
     <span class='ocr_line' id='line_1_30' title="bbox 1752 3026 2226 3103; baseline 0 -9"><span class='ocrx_word' id='word_1_373' title='bbox 1752 3026 1882 3094; x_wconf 89' lang='lat' dir='ltr'>vellent</span> <span class='ocrx_word' id='word_1_374' title='bbox 1903 3026 2140 3095; x_wconf 89' lang='lat' dir='ltr'>tumultuatus</span> <span class='ocrx_word' id='word_1_375' title='bbox 2164 3037 2226 3103; x_wconf 89' lang='lat' dir='ltr'>est,</span> 
     </span>
     <span class='ocr_line' id='line_1_31' title="bbox 1241 3126 2225 3215; baseline 0.002 -25"><span class='ocrx_word' id='word_1_376' title='bbox 1241 3146 1321 3190; x_wconf 90' lang='lat' dir='ltr'>cum</span> <span class='ocrx_word' id='word_1_377' title='bbox 1335 3138 1451 3194; x_wconf 90' lang='lat' dir='ltr'>tamen</span> <span class='ocrx_word' id='word_1_378' title='bbox 1467 3126 1618 3194; x_wconf 87' lang='lat' dir='ltr'>eundern</span> <span class='ocrx_word' id='word_1_379' title='bbox 1639 3150 1799 3205; x_wconf 86' lang='lat' dir='ltr'>cursum,</span> <span class='ocrx_word' id='word_1_380' title='bbox 1824 3126 2105 3196; x_wconf 84' lang='lat' dir='ltr'>constantissime</span> <span class='ocrx_word' id='word_1_381' title='bbox 2122 3148 2225 3215; x_wconf 87' lang='lat' dir='ltr'>urge·</span> 
     </span>
     <span class='ocr_line' id='line_1_32' title="bbox 1240 3220 2226 3320; baseline 0.003 -29"><span class='ocrx_word' id='word_1_382' title='bbox 1240 3237 1313 3306; x_wconf 86' lang='lat' dir='ltr'>ret,</span> <span class='ocrx_word' id='word_1_383' title='bbox 1335 3224 1373 3293; x_wconf 92' lang='lat' dir='ltr'>id</span> <span class='ocrx_word' id='word_1_384' title='bbox 1391 3226 1488 3295; x_wconf 90' lang='lat' dir='ltr'>laudi</span> <span class='ocrx_word' id='word_1_385' title='bbox 1511 3226 1629 3316; x_wconf 90' lang='lat' dir='ltr'>potius</span> <span class='ocrx_word' id='word_1_386' title='bbox 1650 3252 1755 3320; x_wconf 87' lang='lat' dir='ltr'>quarn</span> <span class='ocrx_word' id='word_1_387' title='bbox 1772 3227 1859 3296; x_wconf 91' lang='lat' dir='ltr'>vitio</span> <span class='ocrx_word' id='word_1_388' title='bbox 1882 3228 2041 3297; x_wconf 88' lang='lat' dir='ltr'>tribuent</span> <span class='ocrx_word' id='word_1_389' title='bbox 2062 3220 2226 3295; x_wconf 88' lang='lat' dir='ltr'>homines</span> 
     </span>
    </p>
   </div>
   <div class='ocr_carea' id='block_1_5' title="bbox 211 3328 2226 3503">
    <p class='ocr_par' dir='ltr' id='par_1_5' title="bbox 211 3328 2226 3503">
     <span class='ocr_line' id='line_1_33' title="bbox 1092 3328 2226 3421; baseline 0.004 -30"><span class='ocrx_word' id='word_1_390' title='bbox 1092 3396 1100 3411; x_wconf 55' lang='lat'>‚</span> <span class='ocrx_word' id='word_1_391' title='bbox 1241 3328 1409 3407; x_wconf 86' lang='lat' dir='ltr'>modesti,</span> <span class='ocrx_word' id='word_1_392' title='bbox 1435 3340 1469 3395; x_wconf 91' lang='lat' dir='ltr'>et</span> <span class='ocrx_word' id='word_1_393' title='bbox 1491 3329 1535 3395; x_wconf 92' lang='lat' dir='ltr'>de</span> <span class='ocrx_word' id='word_1_394' title='bbox 1557 3328 1620 3398; x_wconf 95' lang='lat' dir='ltr'>illo</span> <span class='ocrx_word' id='word_1_395' title='bbox 1644 3329 1786 3421; x_wconf 86' lang='lat' dir='ltr'>quidem</span> <span class='ocrx_word' id='word_1_396' title='bbox 1810 3343 2012 3399; x_wconf 88' lang='lat' dir='ltr'>nostrorum</span> <span class='ocrx_word' id='word_1_397' title='bbox 2035 3348 2226 3416; x_wconf 86' lang='lat' dir='ltr'>congressu</span> 
     </span>
     <span class='ocr_line' id='line_1_34' title="bbox 211 3391 1637 3503; baseline 0.006 -45"><span class='ocrx_word' id='word_1_398' title='bbox 211 3404 394 3480; x_wconf 86' lang='lat' dir='ltr'>pauperet</span> <span class='ocrx_word' id='word_1_399' title='bbox 412 3415 602 3481; x_wconf 84' lang='lat' dir='ltr'>paucorum</span> <span class='ocrx_word' id='word_1_400' title='bbox 616 3393 782 3479; x_wconf 85' lang='lat' dir='ltr'>Senatus,</span> <span class='ocrx_word' id='word_1_401' title='bbox 805 3420 824 3464; x_wconf 89' lang='lat' dir='ltr'>a</span> <span class='ocrx_word' id='word_1_402' title='bbox 840 3396 916 3465; x_wconf 92' lang='lat' dir='ltr'>solo</span> <span class='ocrx_word' id='word_1_403' title='bbox 931 3391 1008 3464; x_wconf 89' lang='lat' dir='ltr'>Deo</span> <span class='ocrx_word' id='word_1_404' title='bbox 1021 3396 1191 3464; x_wconf 76' lang='lat' dir='ltr'>auxilium</span> <span class='ocrx_word' id='word_1_405' title='bbox 1240 3421 1326 3495; x_wconf 58' lang='lat' dir='ltr'>haec</span> <span class='ocrx_word' id='word_1_406' title='bbox 1341 3428 1468 3499; x_wconf 56' lang='lat' dir='ltr'>dixisse</span> <span class='ocrx_word' id='word_1_407' title='bbox 1482 3428 1565 3497; x_wconf 52' lang='lat' dir='ltr'>satis</span> <span class='ocrx_word' id='word_1_408' title='bbox 1580 3430 1637 3503; x_wconf 50' lang='lat' dir='ltr'><strong>sit·</strong></span> 
     </span>
    </p>
   </div>
   <div class='ocr_carea' id='block_1_6' title="bbox 206 3495 1191 3991">
    <p class='ocr_par' dir='ltr' id='par_1_6' title="bbox 206 3495 1191 3991">
     <span class='ocr_line' id='line_1_35' title="bbox 211 3495 1191 3587; baseline 0.004 -28"><span class='ocrx_word' id='word_1_409' title='bbox 211 3515 333 3575; x_wconf 87' lang='lat' dir='ltr'>orans,</span> <span class='ocrx_word' id='word_1_410' title='bbox 359 3516 520 3581; x_wconf 87' lang='lat' dir='ltr'>sperans,</span> <span class='ocrx_word' id='word_1_411' title='bbox 544 3510 578 3564; x_wconf 93' lang='lat' dir='ltr'>et</span> <span class='ocrx_word' id='word_1_412' title='bbox 593 3511 788 3584; x_wconf 79' lang='lat' dir='ltr'>expectans.</span> <span class='ocrx_word' id='word_1_413' title='bbox 840 3495 1001 3565; x_wconf 83' lang='lat' dir='ltr'>Tandem</span> <span class='ocrx_word' id='word_1_414' title='bbox 1018 3511 1094 3587; x_wconf 89' lang='lat' dir='ltr'>post</span> <span class='ocrx_word' id='word_1_415' title='bbox 1110 3520 1191 3586; x_wconf 90' lang='lat' dir='ltr'>pre-</span> 
     </span>
     <span class='ocr_line' id='line_1_36' title="bbox 211 3594 1188 3691; baseline 0.002 -30"><span class='ocrx_word' id='word_1_416' title='bbox 211 3616 265 3661; x_wconf 90' lang='lat' dir='ltr'>ces</span> <span class='ocrx_word' id='word_1_417' title='bbox 280 3607 315 3663; x_wconf 89' lang='lat' dir='ltr'>et</span> <span class='ocrx_word' id='word_1_418' title='bbox 334 3596 417 3663; x_wconf 88' lang='lat' dir='ltr'>satis</span> <span class='ocrx_word' id='word_1_419' title='bbox 438 3594 584 3683; x_wconf 89' lang='lat' dir='ltr'>longum</span> <span class='ocrx_word' id='word_1_420' title='bbox 601 3599 838 3691; x_wconf 86' lang='lat' dir='ltr'>colloquium,</span> <span class='ocrx_word' id='word_1_421' title='bbox 862 3594 1050 3688; x_wconf 90' lang='lat' dir='ltr'>Philippus</span> <span class='ocrx_word' id='word_1_422' title='bbox 1066 3598 1188 3666; x_wconf 81' lang='lat' dir='ltr'>delati-</span> 
     </span>
     <span class='ocr_line' id='line_1_37' title="bbox 210 3698 1191 3789; baseline 0.002 -28"><span class='ocrx_word' id='word_1_423' title='bbox 210 3706 309 3781; x_wconf 85' lang='lat' dir='ltr'>gatus</span> <span class='ocrx_word' id='word_1_424' title='bbox 323 3709 357 3764; x_wconf 86' lang='lat' dir='ltr'>et</span> <span class='ocrx_word' id='word_1_425' title='bbox 372 3710 525 3763; x_wconf 90' lang='lat' dir='ltr'>moestus</span> <span class='ocrx_word' id='word_1_426' title='bbox 539 3698 667 3784; x_wconf 81' lang='lat' dir='ltr'>surgit,</span> <span class='ocrx_word' id='word_1_427' title='bbox 693 3713 766 3767; x_wconf 91' lang='lat' dir='ltr'>erat</span> <span class='ocrx_word' id='word_1_428' title='bbox 789 3699 883 3766; x_wconf 92' lang='lat' dir='ltr'>enim</span> <span class='ocrx_word' id='word_1_429' title='bbox 907 3698 1051 3789; x_wconf 91' lang='lat' dir='ltr'>paulum</span> <span class='ocrx_word' id='word_1_430' title='bbox 1068 3721 1191 3765; x_wconf 89' lang='lat' dir='ltr'>evoca-</span> 
     </span>
     <span class='ocr_line' id='line_1_38' title="bbox 207 3796 1188 3891; baseline 0.002 -28"><span class='ocrx_word' id='word_1_431' title='bbox 207 3810 263 3863; x_wconf 85' lang='lat' dir='ltr'>tus</span> <span class='ocrx_word' id='word_1_432' title='bbox 280 3796 412 3865; x_wconf 92' lang='lat' dir='ltr'>nuncio</span> <span class='ocrx_word' id='word_1_433' title='bbox 427 3796 580 3887; x_wconf 90' lang='lat' dir='ltr'>quodam</span> <span class='ocrx_word' id='word_1_434' title='bbox 594 3798 858 3889; x_wconf 89' lang='lat' dir='ltr'>interpellante,</span> <span class='ocrx_word' id='word_1_435' title='bbox 883 3823 953 3891; x_wconf 92' lang='lat' dir='ltr'>quo</span> <span class='ocrx_word' id='word_1_436' title='bbox 969 3798 1126 3880; x_wconf 89' lang='lat' dir='ltr'>dimisso,</span> <span class='ocrx_word' id='word_1_437' title='bbox 1151 3798 1188 3865; x_wconf 92' lang='lat' dir='ltr'>in</span> 
     </span>
     <span class='ocr_line' id='line_1_39' title="bbox 206 3896 1188 3991; baseline 0.005 -30"><span class='ocrx_word' id='word_1_438' title='bbox 206 3896 321 3965; x_wconf 88' lang='lat' dir='ltr'>reditu</span> <span class='ocrx_word' id='word_1_439' title='bbox 337 3897 535 3983; x_wconf 84' lang='lat' dir='ltr'>ingreditur</span> <span class='ocrx_word' id='word_1_440' title='bbox 547 3899 721 3985; x_wconf 91' lang='lat' dir='ltr'>conclave,</span> <span class='ocrx_word' id='word_1_441' title='bbox 745 3901 871 3991; x_wconf 88' lang='lat' dir='ltr'>inquo</span> <span class='ocrx_word' id='word_1_442' title='bbox 887 3922 955 3969; x_wconf 88' lang='lat' dir='ltr'>ona</span> <span class='ocrx_word' id='word_1_443' title='bbox 970 3897 1188 3991; x_wconf 38' lang='lat' dir='ltr'>erant-mise-</span> 
     </span>
    </p>
   </div>
   <div class='ocr_carea' id='block_1_7' title="bbox 206 3996 2220 4193">
    <p class='ocr_par' dir='ltr' id='par_1_7' title="bbox 206 3996 2220 4193">
     <span class='ocr_line' id='line_1_40' title="bbox 206 3996 2195 4084; baseline 0.011 -23"><span class='ocrx_word' id='word_1_444' title='bbox 206 4019 265 4065; x_wconf 87' lang='lat' dir='ltr'>rae</span> <span class='ocrx_word' id='word_1_445' title='bbox 279 3998 525 4083; x_wconf 81' lang='lat' dir='ltr'>mulierculae,</span> <span class='ocrx_word' id='word_1_446' title='bbox 552 3996 701 4068; x_wconf 79' lang='lat' dir='ltr'>l&#39;aroclti</span> <span class='ocrx_word' id='word_1_447' title='bbox 724 4014 759 4069; x_wconf 91' lang='lat' dir='ltr'>et</span> <span class='ocrx_word' id='word_1_448' title='bbox 779 4003 931 4071; x_wconf 89' lang='lat' dir='ltr'>duorum</span> <span class='ocrx_word' id='word_1_449' title='bbox 947 3997 1188 4070; x_wconf 88' lang='lat' dir='ltr'>Diaconurum</span> <span class='ocrx_word' id='word_1_450' title='bbox 1658 4068 1666 4084; x_wconf 85' lang='lat'>,</span> <span class='ocrx_word' id='word_1_451' title='bbox 2127 4066 2137 4083; x_wconf 85' lang='lat'><strong>.</strong></span> <span class='ocrx_word' id='word_1_452' title='bbox 2185 4064 2195 4083; x_wconf 92' lang='lat'><strong>.</strong></span> 
     </span>
     <span class='ocr_line' id='line_1_41' title="bbox 206 4067 2220 4193; baseline 0.002 -30"><span class='ocrx_word' id='word_1_453' title='bbox 206 4096 372 4187; x_wconf 88' lang='lat' dir='ltr'>coniuges</span> <span class='ocrx_word' id='word_1_454' title='bbox 389 4124 427 4167; x_wconf 81' lang='lat' dir='ltr'>sc</span> <span class='ocrx_word' id='word_1_455' title='bbox 442 4098 580 4187; x_wconf 89' lang='lat' dir='ltr'>parvuli</span> <span class='ocrx_word' id='word_1_456' title='bbox 598 4101 719 4181; x_wconf 86' lang='lat' dir='ltr'>liberi,</span> <span class='ocrx_word' id='word_1_457' title='bbox 741 4126 893 4193; x_wconf 89' lang='lat' dir='ltr'>quorum</span> <span class='ocrx_word' id='word_1_458' title='bbox 911 4103 972 4171; x_wconf 91' lang='lat' dir='ltr'>alii</span> <span class='ocrx_word' id='word_1_459' title='bbox 989 4104 1060 4171; x_wconf 88' lang='lat' dir='ltr'>iam</span> <span class='ocrx_word' id='word_1_460' title='bbox 1075 4126 1187 4170; x_wconf 87' lang='lat' dir='ltr'>mam-</span> <span class='ocrx_word' id='word_1_461' title='bbox 1239 4067 1423 4155; x_wconf 72' lang='lat' dir='ltr'>p¹¹³⁶¹¹¹¹¹m</span> <span class='ocrx_word' id='word_1_462' title='bbox 1448 4080 1545 4136; x_wconf 56' lang='lat'><strong>‘³⁰²⁰</strong></span> <span class='ocrx_word' id='word_1_463' title='bbox 1566 4090 1655 4135; x_wconf 54' lang='lat'>⁰¹¹³</span> <span class='ocrx_word' id='word_1_464' title='bbox 1656 4094 1667 4134; x_wconf 92' lang='lat'><strong>¹</strong></span> <span class='ocrx_word' id='word_1_465' title='bbox 1689 4068 1846 4135; x_wconf 67' lang='lat' dir='ltr'>⁵¹¹ffi⁶⁰¹⁰</span> <span class='ocrx_word' id='word_1_466' title='bbox 1868 4082 2000 4157; x_wconf 62' lang='lat'>9⁰⁸⁵⁰²⁹</span> <span class='ocrx_word' id='word_1_467' title='bbox 2025 4080 2061 4137; x_wconf 44' lang='grc' dir='ltr'>εἰ</span> <span class='ocrx_word' id='word_1_468' title='bbox 2075 4068 2164 4161; x_wconf 68' lang='lat' dir='ltr'>‘lmd</span> <span class='ocrx_word' id='word_1_469' title='bbox 2182 4090 2220 4133; x_wconf 81' lang='lat'>¹¹¹</span> 
     </span>
    </p>
   </div>
   <div class='ocr_carea' id='block_1_8' title="bbox 206 4166 2221 4290">
    <p class='ocr_par' dir='ltr' id='par_1_8' title="bbox 206 4166 2221 4290">
     <span class='ocr_line' id='line_1_42' title="bbox 206 4166 2221 4290; baseline 0.004 -27"><span class='ocrx_word' id='word_1_470' title='bbox 206 4220 300 4265; x_wconf 90' lang='lat' dir='ltr'>mam</span> <span class='ocrx_word' id='word_1_471' title='bbox 322 4200 510 4288; x_wconf 79' lang='lat' dir='ltr'>augebant,</span> <span class='ocrx_word' id='word_1_472' title='bbox 539 4199 601 4269; x_wconf 89' lang='lat' dir='ltr'>alii</span> <span class='ocrx_word' id='word_1_473' title='bbox 627 4227 646 4269; x_wconf 93' lang='lat' dir='ltr'>a</span> <span class='ocrx_word' id='word_1_474' title='bbox 668 4203 840 4271; x_wconf 84' lang='lat' dir='ltr'>matribus</span> <span class='ocrx_word' id='word_1_475' title='bbox 862 4226 979 4290; x_wconf 88' lang='lat' dir='ltr'>preces</span> <span class='ocrx_word' id='word_1_476' title='bbox 1002 4204 1188 4272; x_wconf 87' lang='lat' dir='ltr'>recitantes</span> <span class='ocrx_word' id='word_1_477' title='bbox 1237 4192 1279 4235; x_wconf 78' lang='lat'>⁰⁰</span> <span class='ocrx_word' id='word_1_478' title='bbox 1305 4183 1482 4237; x_wconf 69' lang='lat' dir='ltr'><strong>⁰⁰¹¹V⁰¹¹¹¹¹</strong></span> <span class='ocrx_word' id='word_1_479' title='bbox 1513 4166 1673 4237; x_wconf 69' lang='lat' dir='ltr'>⁰ff²⁶¹¹¹¹¹¹</span> <span class='ocrx_word' id='word_1_480' title='bbox 1700 4170 1764 4253; x_wconf 49' lang='grc' dir='ltr'>ω’</span> <span class='ocrx_word' id='word_1_481' title='bbox 1801 4180 1935 4238; x_wconf 64' lang='lat'><strong>¹¹⁰¹¹¹¹¹¹</strong></span> <span class='ocrx_word' id='word_1_482' title='bbox 1963 4182 1998 4237; x_wconf 50' lang='grc' dir='ltr'>Εἰ</span> <span class='ocrx_word' id='word_1_483' title='bbox 2025 4180 2221 4258; x_wconf 53' lang='lat' dir='ltr'>‘&#39;imm&#39;‘</span> 
     </span>
    </p>
   </div>
   <div class='ocr_carea' id='block_1_9' title="bbox 186 4270 2222 5415">
    <p class='ocr_par' dir='ltr' id='par_1_9' title="bbox 205 4270 1454 4394">
     <span class='ocr_line' id='line_1_43' title="bbox 205 4270 1454 4394; baseline 0.006 -30"><span class='ocrx_word' id='word_1_484' title='bbox 205 4298 453 4372; x_wconf 89' lang='lat' dir='ltr'>audiebantur.</span> <span class='ocrx_word' id='word_1_485' title='bbox 509 4300 638 4371; x_wconf 83' lang='lat' dir='ltr'>Adstat</span> <span class='ocrx_word' id='word_1_486' title='bbox 653 4315 687 4370; x_wconf 91' lang='lat' dir='ltr'>et</span> <span class='ocrx_word' id='word_1_487' title='bbox 707 4302 806 4371; x_wconf 87' lang='lat' dir='ltr'>audit</span> <span class='ocrx_word' id='word_1_488' title='bbox 825 4298 1013 4394; x_wconf 90' lang='lat' dir='ltr'>Philippus</span> <span class='ocrx_word' id='word_1_489' title='bbox 1028 4327 1107 4372; x_wconf 91' lang='lat' dir='ltr'>cum</span> <span class='ocrx_word' id='word_1_490' title='bbox 1122 4306 1187 4373; x_wconf 85' lang='lat' dir='ltr'>ad-</span> <span class='ocrx_word' id='word_1_491' title='bbox 1237 4270 1323 4337; x_wconf 72' lang='lat' dir='ltr'><strong>b⁰¹¹¹</strong></span> <span class='ocrx_word' id='word_1_492' title='bbox 1338 4294 1377 4337; x_wconf 71' lang='lat'>‘¹⁰</span> <span class='ocrx_word' id='word_1_493' title='bbox 1393 4293 1454 4358; x_wconf 66' lang='lat'><strong>¹³¹¹·</strong></span> 
     </span>
    </p>

    <p class='ocr_par' dir='ltr' id='par_1_10' title="bbox 186 4394 2222 5415">
     <span class='ocr_line' id='line_1_44' title="bbox 204 4394 2221 4491; baseline 0.003 -26"><span class='ocrx_word' id='word_1_494' title='bbox 204 4398 392 4471; x_wconf 85' lang='lat' dir='ltr'>miratione</span> <span class='ocrx_word' id='word_1_495' title='bbox 424 4416 459 4470; x_wconf 91' lang='lat' dir='ltr'>et</span> <span class='ocrx_word' id='word_1_496' title='bbox 487 4425 613 4489; x_wconf 90' lang='lat' dir='ltr'>magna</span> <span class='ocrx_word' id='word_1_497' title='bbox 644 4403 892 4490; x_wconf 88' lang='lat' dir='ltr'>delectatione,</span> <span class='ocrx_word' id='word_1_498' title='bbox 926 4406 1015 4476; x_wconf 90' lang='lat' dir='ltr'>sicut</span> <span class='ocrx_word' id='word_1_499' title='bbox 1041 4405 1185 4486; x_wconf 88' lang='lat' dir='ltr'>solebat,</span> <span class='ocrx_word' id='word_1_500' title='bbox 1335 4398 1389 4471; x_wconf 81' lang='lat' dir='ltr'>Ea</span> <span class='ocrx_word' id='word_1_501' title='bbox 1405 4396 1462 4469; x_wconf 90' lang='lat' dir='ltr'>his</span> <span class='ocrx_word' id='word_1_502' title='bbox 1475 4402 1735 4491; x_wconf 88' lang='lat' dir='ltr'>congressibus,</span> <span class='ocrx_word' id='word_1_503' title='bbox 1762 4403 1908 4471; x_wconf 91' lang='lat' dir='ltr'>domum</span> <span class='ocrx_word' id='word_1_504' title='bbox 1924 4416 1955 4471; x_wconf 92' lang='lat' dir='ltr'>et</span> <span class='ocrx_word' id='word_1_505' title='bbox 1971 4403 2015 4470; x_wconf 89' lang='lat' dir='ltr'>ad</span> <span class='ocrx_word' id='word_1_506' title='bbox 2035 4394 2221 4471; x_wconf 87' lang='lat' dir='ltr'>scholasti-</span> 
     </span>
     <span class='ocr_line' id='line_1_45' title="bbox 202 4502 2219 4597; baseline 0.001 -28"><span class='ocrx_word' id='word_1_507' title='bbox 202 4522 393 4587; x_wconf 83' lang='lat' dir='ltr'>puerorum</span> <span class='ocrx_word' id='word_1_508' title='bbox 419 4502 654 4573; x_wconf 88' lang='lat' dir='ltr'>balbutientes</span> <span class='ocrx_word' id='word_1_509' title='bbox 677 4528 813 4595; x_wconf 88' lang='lat' dir='ltr'>preces,</span> <span class='ocrx_word' id='word_1_510' title='bbox 835 4530 971 4576; x_wconf 85' lang='lat' dir='ltr'>uremur</span> <span class='ocrx_word' id='word_1_511' title='bbox 995 4506 1099 4575; x_wconf 91' lang='lat' dir='ltr'>dicti:</span> <span class='ocrx_word' id='word_1_512' title='bbox 1131 4504 1184 4575; x_wconf 84' lang='lat' dir='ltr'>Ex</span> <span class='ocrx_word' id='word_1_513' title='bbox 1235 4526 1311 4586; x_wconf 88' lang='lat' dir='ltr'>cos,</span> <span class='ocrx_word' id='word_1_514' title='bbox 1334 4528 1464 4597; x_wconf 92' lang='lat' dir='ltr'>eosque</span> <span class='ocrx_word' id='word_1_515' title='bbox 1486 4504 1574 4587; x_wconf 86' lang='lat' dir='ltr'>sibi,</span> <span class='ocrx_word' id='word_1_516' title='bbox 1599 4520 1638 4574; x_wconf 94' lang='lat' dir='ltr'>ut</span> <span class='ocrx_word' id='word_1_517' title='bbox 1660 4503 1813 4582; x_wconf 87' lang='lat' dir='ltr'>ferebat,</span> <span class='ocrx_word' id='word_1_518' title='bbox 1839 4502 2062 4573; x_wconf 89' lang='lat' dir='ltr'>dulcissimos</span> <span class='ocrx_word' id='word_1_519' title='bbox 2082 4504 2219 4573; x_wconf 87' lang='lat' dir='ltr'>labores</span> 
     </span>
     <span class='ocr_line' id='line_1_46' title="bbox 202 4603 2220 4699; baseline 0.002 -30"><span class='ocrx_word' id='word_1_520' title='bbox 202 4624 266 4669; x_wconf 87' lang='lat' dir='ltr'>ore</span> <span class='ocrx_word' id='word_1_521' title='bbox 279 4603 468 4675; x_wconf 82' lang='lat' dir='ltr'>infantium</span> <span class='ocrx_word' id='word_1_522' title='bbox 485 4619 519 4675; x_wconf 93' lang='lat' dir='ltr'>et</span> <span class='ocrx_word' id='word_1_523' title='bbox 534 4605 738 4675; x_wconf 89' lang='lat' dir='ltr'>lactentium</span> <span class='ocrx_word' id='word_1_524' title='bbox 761 4608 936 4697; x_wconf 79' lang='lat' dir='ltr'>perfecisti</span> <span class='ocrx_word' id='word_1_525' title='bbox 951 4609 1111 4689; x_wconf 88' lang='lat' dir='ltr'>laudem,</span> <span class='ocrx_word' id='word_1_526' title='bbox 1136 4603 1184 4678; x_wconf 87' lang='lat' dir='ltr'>Et</span> <span class='ocrx_word' id='word_1_527' title='bbox 1234 4628 1412 4687; x_wconf 86' lang='lat' dir='ltr'>reversus,</span> <span class='ocrx_word' id='word_1_528' title='bbox 1438 4606 1476 4673; x_wconf 94' lang='lat' dir='ltr'>in</span> <span class='ocrx_word' id='word_1_529' title='bbox 1500 4604 1572 4675; x_wconf 88' lang='lat' dir='ltr'>illis</span> <span class='ocrx_word' id='word_1_530' title='bbox 1587 4630 1728 4699; x_wconf 89' lang='lat' dir='ltr'>quoque</span> <span class='ocrx_word' id='word_1_531' title='bbox 1744 4604 1989 4697; x_wconf 88' lang='lat' dir='ltr'>multipliciter</span> <span class='ocrx_word' id='word_1_532' title='bbox 2002 4604 2220 4675; x_wconf 87' lang='lat' dir='ltr'>interturba-</span> 
     </span>
     <span class='ocr_line' id='line_1_47' title="bbox 200 4705 2220 4797; baseline 0.004 -28"><span class='ocrx_word' id='word_1_533' title='bbox 200 4705 298 4793; x_wconf 88' lang='lat' dir='ltr'>quod</span> <span class='ocrx_word' id='word_1_534' title='bbox 321 4705 507 4794; x_wconf 82' lang='lat' dir='ltr'>praecipue</span> <span class='ocrx_word' id='word_1_535' title='bbox 533 4707 648 4797; x_wconf 92' lang='lat' dir='ltr'>ipsum</span> <span class='ocrx_word' id='word_1_536' title='bbox 674 4710 854 4792; x_wconf 88' lang='lat' dir='ltr'>movebat,</span> <span class='ocrx_word' id='word_1_537' title='bbox 880 4708 976 4779; x_wconf 90' lang='lat' dir='ltr'>videt</span> <span class='ocrx_word' id='word_1_538' title='bbox 997 4734 1039 4778; x_wconf 82' lang='lat' dir='ltr'>est</span> <span class='ocrx_word' id='word_1_539' title='bbox 1053 4706 1184 4779; x_wconf 87' lang='lat' dir='ltr'>Diaco-</span> <span class='ocrx_word' id='word_1_540' title='bbox 1234 4708 1357 4788; x_wconf 87' lang='lat' dir='ltr'>batur,</span> <span class='ocrx_word' id='word_1_541' title='bbox 1382 4720 1498 4776; x_wconf 89' lang='lat' dir='ltr'>tamen</span> <span class='ocrx_word' id='word_1_542' title='bbox 1519 4722 1655 4780; x_wconf 89' lang='lat' dir='ltr'>tantum</span> <span class='ocrx_word' id='word_1_543' title='bbox 1673 4722 1746 4776; x_wconf 91' lang='lat' dir='ltr'>erat</span> <span class='ocrx_word' id='word_1_544' title='bbox 1768 4708 1808 4773; x_wconf 95' lang='lat' dir='ltr'>in</span> <span class='ocrx_word' id='word_1_545' title='bbox 1822 4731 1865 4775; x_wconf 91' lang='lat' dir='ltr'>eo</span> <span class='ocrx_word' id='word_1_546' title='bbox 1887 4706 2054 4776; x_wconf 81' lang='lat' dir='ltr'>omnibus</span> <span class='ocrx_word' id='word_1_547' title='bbox 2075 4706 2220 4777; x_wconf 76' lang='lat' dir='ltr'>bertela-</span> 
     </span>
     <span class='ocr_line' id='line_1_48' title="bbox 199 4806 2218 4898; baseline 0.004 -29"><span class='ocrx_word' id='word_1_548' title='bbox 199 4827 329 4873; x_wconf 90' lang='lat' dir='ltr'>norom</span> <span class='ocrx_word' id='word_1_549' title='bbox 343 4807 511 4877; x_wconf 77' lang='lat' dir='ltr'>uxoribus</span> <span class='ocrx_word' id='word_1_550' title='bbox 524 4832 631 4877; x_wconf 81' lang='lat' dir='ltr'>utram</span> <span class='ocrx_word' id='word_1_551' title='bbox 647 4810 832 4877; x_wconf 85' lang='lat' dir='ltr'>lactantem</span> <span class='ocrx_word' id='word_1_552' title='bbox 846 4810 1008 4891; x_wconf 86' lang='lat' dir='ltr'>filiolum,</span> <span class='ocrx_word' id='word_1_553' title='bbox 1030 4826 1064 4879; x_wconf 90' lang='lat' dir='ltr'>et</span> <span class='ocrx_word' id='word_1_554' title='bbox 1077 4811 1182 4879; x_wconf 89' lang='lat' dir='ltr'>simul</span> <span class='ocrx_word' id='word_1_555' title='bbox 1233 4809 1348 4878; x_wconf 89' lang='lat' dir='ltr'>ciendi</span> <span class='ocrx_word' id='word_1_556' title='bbox 1370 4810 1548 4893; x_wconf 92' lang='lat' dir='ltr'>studium,</span> <span class='ocrx_word' id='word_1_557' title='bbox 1572 4823 1613 4878; x_wconf 89' lang='lat' dir='ltr'>ut</span> <span class='ocrx_word' id='word_1_558' title='bbox 1636 4806 1729 4878; x_wconf 90' lang='lat' dir='ltr'>nihil</span> <span class='ocrx_word' id='word_1_559' title='bbox 1750 4807 1931 4878; x_wconf 84' lang='lat' dir='ltr'>molestiae</span> <span class='ocrx_word' id='word_1_560' title='bbox 1954 4806 2124 4898; x_wconf 86' lang='lat' dir='ltr'>patientia</span> <span class='ocrx_word' id='word_1_561' title='bbox 2146 4830 2218 4879; x_wconf 86' lang='lat' dir='ltr'>nott</span> 
     </span>
     <span class='ocr_line' id='line_1_49' title="bbox 186 4904 2219 5004; baseline 0.003 -31"><span class='ocrx_word' id='word_1_562' title='bbox 186 4905 410 4993; x_wconf 75' lang='lat' dir='ltr'>pastinacam</span> <span class='ocrx_word' id='word_1_563' title='bbox 427 4910 465 4977; x_wconf 87' lang='lat' dir='ltr'>io</span> <span class='ocrx_word' id='word_1_564' title='bbox 481 4910 671 4999; x_wconf 88' lang='lat' dir='ltr'>prandium</span> <span class='ocrx_word' id='word_1_565' title='bbox 685 4910 812 4981; x_wconf 87' lang='lat' dir='ltr'>marito</span> <span class='ocrx_word' id='word_1_566' title='bbox 827 4912 1053 4996; x_wconf 89' lang='lat' dir='ltr'>incidentem,</span> <span class='ocrx_word' id='word_1_567' title='bbox 1077 4927 1182 5004; x_wconf 87' lang='lat' dir='ltr'>atque</span> <span class='ocrx_word' id='word_1_568' title='bbox 1233 4911 1405 4996; x_wconf 89' lang='lat' dir='ltr'>vinceret,</span> <span class='ocrx_word' id='word_1_569' title='bbox 1431 4908 1513 4981; x_wconf 94' lang='lat' dir='ltr'>huic</span> <span class='ocrx_word' id='word_1_570' title='bbox 1539 4933 1661 4979; x_wconf 88' lang='lat' dir='ltr'>versus</span> <span class='ocrx_word' id='word_1_571' title='bbox 1685 4910 1742 4979; x_wconf 92' lang='lat' dir='ltr'>vel</span> <span class='ocrx_word' id='word_1_572' title='bbox 1767 4904 1983 4998; x_wconf 79' lang='lat' dir='ltr'>Epistulam,</span> <span class='ocrx_word' id='word_1_573' title='bbox 2008 4910 2115 4979; x_wconf 89' lang='lat' dir='ltr'>alteri</span> <span class='ocrx_word' id='word_1_574' title='bbox 2137 4930 2219 4979; x_wconf 82' lang='lat' dir='ltr'>ors·</span> 
     </span>
     <span class='ocr_line' id='line_1_50' title="bbox 195 5005 2219 5102; baseline 0.003 -30"><span class='ocrx_word' id='word_1_575' title='bbox 195 5005 396 5077; x_wconf 87' lang='lat' dir='ltr'>audientem</span> <span class='ocrx_word' id='word_1_576' title='bbox 420 5010 571 5079; x_wconf 87' lang='lat' dir='ltr'>alterum</span> <span class='ocrx_word' id='word_1_577' title='bbox 596 5012 784 5100; x_wconf 89' lang='lat' dir='ltr'>parvulum</span> <span class='ocrx_word' id='word_1_578' title='bbox 808 5012 1011 5085; x_wconf 89' lang='lat' dir='ltr'>recitantem</span> <span class='ocrx_word' id='word_1_579' title='bbox 1036 5013 1181 5083; x_wconf 88' lang='lat' dir='ltr'>usitatas</span> <span class='ocrx_word' id='word_1_580' title='bbox 1232 5012 1382 5097; x_wconf 90' lang='lat' dir='ltr'>tionem,</span> <span class='ocrx_word' id='word_1_581' title='bbox 1405 5013 1510 5081; x_wconf 88' lang='lat' dir='ltr'>tertio</span> <span class='ocrx_word' id='word_1_582' title='bbox 1525 5011 1795 5102; x_wconf 86' lang='lat' dir='ltr'>praelectionem</span> <span class='ocrx_word' id='word_1_583' title='bbox 1815 5024 1877 5080; x_wconf 86' lang='lat' dir='ltr'>aut</span> <span class='ocrx_word' id='word_1_584' title='bbox 1897 5011 2108 5080; x_wconf 84' lang='lat' dir='ltr'>concionem</span> <span class='ocrx_word' id='word_1_585' title='bbox 2131 5012 2219 5081; x_wconf 88' lang='lat' dir='ltr'>scri-</span> 
     </span>
     <span class='ocr_line' id='line_1_51' title="bbox 192 5108 2221 5203; baseline 0.005 -31"><span class='ocrx_word' id='word_1_586' title='bbox 192 5126 314 5195; x_wconf 89' lang='lat' dir='ltr'>preces</span> <span class='ocrx_word' id='word_1_587' title='bbox 336 5124 370 5180; x_wconf 91' lang='lat' dir='ltr'>et</span> <span class='ocrx_word' id='word_1_588' title='bbox 401 5112 624 5180; x_wconf 87' lang='lat' dir='ltr'>invocantem</span> <span class='ocrx_word' id='word_1_589' title='bbox 646 5108 772 5180; x_wconf 87' lang='lat' dir='ltr'>Deutn.</span> <span class='ocrx_word' id='word_1_590' title='bbox 829 5110 1030 5197; x_wconf 77' lang='lat' dir='ltr'>Exclamat,</span> <span class='ocrx_word' id='word_1_591' title='bbox 1064 5140 1086 5183; x_wconf 92' lang='lat' dir='ltr'>o</span> <span class='ocrx_word' id='word_1_592' title='bbox 1111 5130 1181 5183; x_wconf 89' lang='lat' dir='ltr'>tres</span> <span class='ocrx_word' id='word_1_593' title='bbox 1231 5114 1335 5183; x_wconf 88' lang='lat' dir='ltr'>hebat</span> <span class='ocrx_word' id='word_1_594' title='bbox 1349 5114 1403 5181; x_wconf 87' lang='lat' dir='ltr'>vel</span> <span class='ocrx_word' id='word_1_595' title='bbox 1421 5114 1642 5186; x_wconf 87' lang='lat' dir='ltr'>emendabat.</span> <span class='ocrx_word' id='word_1_596' title='bbox 1691 5110 1750 5181; x_wconf 85' lang='lat' dir='ltr'>De</span> <span class='ocrx_word' id='word_1_597' title='bbox 1760 5112 1886 5182; x_wconf 83' lang='lat' dir='ltr'>aulicis</span> <span class='ocrx_word' id='word_1_598' title='bbox 1903 5112 1998 5181; x_wconf 89' lang='lat' dir='ltr'>enim</span> <span class='ocrx_word' id='word_1_599' title='bbox 2015 5112 2221 5203; x_wconf 80' lang='lat' dir='ltr'>occupatio·</span> 
     </span>
     <span class='ocr_line' id='line_1_52' title="bbox 193 5210 2222 5307; baseline 0.003 -30"><span class='ocrx_word' id='word_1_600' title='bbox 193 5223 330 5277; x_wconf 89' lang='lat' dir='ltr'>sanctos</span> <span class='ocrx_word' id='word_1_601' title='bbox 344 5225 376 5280; x_wconf 90' lang='lat' dir='ltr'>et</span> <span class='ocrx_word' id='word_1_602' title='bbox 389 5210 465 5280; x_wconf 90' lang='lat' dir='ltr'>Deo</span> <span class='ocrx_word' id='word_1_603' title='bbox 479 5228 596 5299; x_wconf 90' lang='lat' dir='ltr'>gratos</span> <span class='ocrx_word' id='word_1_604' title='bbox 619 5213 768 5287; x_wconf 86' lang='lat' dir='ltr'>labores.</span> <span class='ocrx_word' id='word_1_605' title='bbox 818 5214 880 5283; x_wconf 83' lang='lat' dir='ltr'>Ab</span> <span class='ocrx_word' id='word_1_606' title='bbox 898 5211 966 5285; x_wconf 94' lang='lat' dir='ltr'>hoc</span> <span class='ocrx_word' id='word_1_607' title='bbox 980 5218 1178 5307; x_wconf 87' lang='lat' dir='ltr'>spectaculo</span> <span class='ocrx_word' id='word_1_608' title='bbox 1230 5215 1335 5285; x_wconf 90' lang='lat' dir='ltr'>nibus</span> <span class='ocrx_word' id='word_1_609' title='bbox 1349 5229 1383 5283; x_wconf 85' lang='lat' dir='ltr'>et</span> <span class='ocrx_word' id='word_1_610' title='bbox 1397 5211 1633 5283; x_wconf 83' lang='lat' dir='ltr'>Ecclesiamm</span> <span class='ocrx_word' id='word_1_611' title='bbox 1646 5214 1905 5303; x_wconf 88' lang='lat' dir='ltr'>gubernatione</span> <span class='ocrx_word' id='word_1_612' title='bbox 1917 5215 1988 5282; x_wconf 87' lang='lat' dir='ltr'>iam</span> <span class='ocrx_word' id='word_1_613' title='bbox 2002 5237 2081 5283; x_wconf 92' lang='lat' dir='ltr'>non</span> <span class='ocrx_word' id='word_1_614' title='bbox 2093 5215 2222 5284; x_wconf 76' lang='lat' dir='ltr'>dicam</span> 
     </span>
     <span class='ocr_line' id='line_1_53' title="bbox 189 5308 2221 5415; baseline 0.004 -36"><span class='ocrx_word' id='word_1_615' title='bbox 189 5308 414 5386; x_wconf 85' lang='lat' dir='ltr'>confirmatus</span> <span class='ocrx_word' id='word_1_616' title='bbox 429 5314 574 5401; x_wconf 80' lang='lat' dir='ltr'>aubno,</span> <span class='ocrx_word' id='word_1_617' title='bbox 596 5338 636 5387; x_wconf 83' lang='lat' dir='ltr'>ac</span> <span class='ocrx_word' id='word_1_618' title='bbox 650 5314 722 5385; x_wconf 90' lang='lat' dir='ltr'>iam</span> <span class='ocrx_word' id='word_1_619' title='bbox 742 5316 857 5389; x_wconf 86' lang='lat' dir='ltr'>laetus</span> <span class='ocrx_word' id='word_1_620' title='bbox 872 5330 981 5415; x_wconf 82' lang='lat' dir='ltr'>atque</span> <span class='ocrx_word' id='word_1_621' title='bbox 994 5318 1122 5389; x_wconf 83' lang='lat' dir='ltr'>alacris</span> <span class='ocrx_word' id='word_1_622' title='bbox 1138 5316 1179 5387; x_wconf 89' lang='lat' dir='ltr'>iu</span> <span class='ocrx_word' id='word_1_623' title='bbox 1228 5312 1298 5386; x_wconf 86' lang='lat' dir='ltr'>His</span> <span class='ocrx_word' id='word_1_624' title='bbox 1317 5316 1446 5399; x_wconf 87' lang='lat' dir='ltr'>tantis,</span> <span class='ocrx_word' id='word_1_625' title='bbox 1471 5316 1758 5411; x_wconf 69' lang='lat' dir='ltr'>torqueantur</span> <span class='ocrx_word' id='word_1_626' title='bbox 1778 5317 1908 5402; x_wconf 86' lang='lat' dir='ltr'>rebus,</span> <span class='ocrx_word' id='word_1_627' title='bbox 1927 5340 2009 5387; x_wconf 82' lang='lat' dir='ltr'>cum</span> <span class='ocrx_word' id='word_1_628' title='bbox 2031 5316 2221 5389; x_wconf 65' lang='lat' dir='ltr'>omium</span> 
     </span>
    </p>
   </div>
   <div class='ocr_carea' id='block_1_10' title="bbox 212 2888 1190 2983">
    <p class='ocr_par' dir='ltr' id='par_1_11' title="bbox 212 2888 1190 2983">
     <span class='ocr_line' id='line_1_54' title="bbox 212 2888 1190 2983; baseline 0.005 -30"><span class='ocrx_word' id='word_1_629' title='bbox 212 2888 416 2957; x_wconf 89' lang='lat' dir='ltr'>viderentur</span> <span class='ocrx_word' id='word_1_630' title='bbox 428 2912 556 2976; x_wconf 89' lang='lat' dir='ltr'>magno</span> <span class='ocrx_word' id='word_1_631' title='bbox 574 2902 679 2983; x_wconf 88' lang='lat' dir='ltr'>atque</span> <span class='ocrx_word' id='word_1_632' title='bbox 693 2890 843 2960; x_wconf 80' lang='lat' dir='ltr'>infracto</span> <span class='ocrx_word' id='word_1_633' title='bbox 859 2914 948 2975; x_wconf 90' lang='lat' dir='ltr'>esse,</span> <span class='ocrx_word' id='word_1_634' title='bbox 974 2905 1091 2962; x_wconf 90' lang='lat' dir='ltr'>tamen</span> <span class='ocrx_word' id='word_1_635' title='bbox 1108 2891 1190 2981; x_wconf 88' lang='lat' dir='ltr'>quia</span> 
     </span>
    </p>
   </div>
   <div class='ocr_carea' id='block_1_11' title="bbox 196 2988 1735 3384">
    <p class='ocr_par' dir='ltr' id='par_1_12' title="bbox 196 2988 1735 3384">
     <span class='ocr_line' id='line_1_55' title="bbox 211 2988 1735 3117; baseline 0.003 -60"><span class='ocrx_word' id='word_1_636' title='bbox 211 2991 256 3057; x_wconf 89' lang='lat' dir='ltr'>ad</span> <span class='ocrx_word' id='word_1_637' title='bbox 276 2988 407 3058; x_wconf 88' lang='lat' dir='ltr'>multos</span> <span class='ocrx_word' id='word_1_638' title='bbox 431 2990 625 3080; x_wconf 90' lang='lat' dir='ltr'>periculum</span> <span class='ocrx_word' id='word_1_639' title='bbox 648 2992 865 3082; x_wconf 85' lang='lat' dir='ltr'>pertinebat,</span> <span class='ocrx_word' id='word_1_640' title='bbox 891 2992 1042 3086; x_wconf 91' lang='lat' dir='ltr'>quinon</span> <span class='ocrx_word' id='word_1_641' title='bbox 1063 2994 1193 3081; x_wconf 85' lang='lat' dir='ltr'>pariter</span> <span class='ocrx_word' id='word_1_642' title='bbox 1239 3021 1327 3105; x_wconf 59' lang='lat' dir='ltr'><strong>fuit,</strong></span> <span class='ocrx_word' id='word_1_643' title='bbox 1352 3037 1605 3115; x_wconf 60' lang='lat' dir='ltr'><strong>„ecquanmm</strong></span> <span class='ocrx_word' id='word_1_644' title='bbox 1625 3024 1735 3117; x_wconf 57' lang='lat' dir='ltr'>,liqui</span> 
     </span>
     <span class='ocr_line' id='line_1_56' title="bbox 196 3091 1192 3181; baseline 0.002 -24"><span class='ocrx_word' id='word_1_645' title='bbox 196 3112 336 3158; x_wconf 91' lang='lat' dir='ltr'>-omnes</span> <span class='ocrx_word' id='word_1_646' title='bbox 352 3091 504 3159; x_wconf 87' lang='lat' dir='ltr'>animosi</span> <span class='ocrx_word' id='word_1_647' title='bbox 520 3106 636 3177; x_wconf 88' lang='lat' dir='ltr'>erant,</span> <span class='ocrx_word' id='word_1_648' title='bbox 661 3107 696 3162; x_wconf 86' lang='lat' dir='ltr'>et</span> <span class='ocrx_word' id='word_1_649' title='bbox 710 3117 834 3181; x_wconf 90' lang='lat' dir='ltr'>magna</span> <span class='ocrx_word' id='word_1_650' title='bbox 852 3094 993 3163; x_wconf 90' lang='lat' dir='ltr'>vastitas</span> <span class='ocrx_word' id='word_1_651' title='bbox 1007 3093 1192 3160; x_wconf 89' lang='lat' dir='ltr'>imminere</span> 
     </span>
     <span class='ocr_line' id='line_1_57' title="bbox 210 3190 1191 3285; baseline 0.004 -29"><span class='ocrx_word' id='word_1_652' title='bbox 210 3190 414 3273; x_wconf 85' lang='lat' dir='ltr'>videbatur,</span> <span class='ocrx_word' id='word_1_653' title='bbox 440 3193 560 3281; x_wconf 90' lang='lat' dir='ltr'>paucis</span> <span class='ocrx_word' id='word_1_654' title='bbox 573 3193 802 3275; x_wconf 88' lang='lat' dir='ltr'>docentibus,</span> <span class='ocrx_word' id='word_1_655' title='bbox 825 3193 886 3285; x_wconf 85' lang='lat' dir='ltr'>qui</span> <span class='ocrx_word' id='word_1_656' title='bbox 901 3196 1064 3278; x_wconf 88' lang='lat' dir='ltr'>aderant,</span> <span class='ocrx_word' id='word_1_657' title='bbox 1090 3192 1191 3260; x_wconf 87' lang='lat' dir='ltr'>valde</span> 
     </span>
     <span class='ocr_line' id='line_1_58' title="bbox 211 3286 1193 3384; baseline 0.003 -27"><span class='ocrx_word' id='word_1_658' title='bbox 211 3292 364 3359; x_wconf 82' lang='lat' dir='ltr'>difficilis</span> <span class='ocrx_word' id='word_1_659' title='bbox 387 3292 598 3362; x_wconf 86' lang='lat' dir='ltr'>consultatio</span> <span class='ocrx_word' id='word_1_660' title='bbox 621 3295 800 3384; x_wconf 89' lang='lat' dir='ltr'>proposita</span> <span class='ocrx_word' id='word_1_661' title='bbox 823 3307 906 3363; x_wconf 88' lang='lat' dir='ltr'>erat.</span> <span class='ocrx_word' id='word_1_662' title='bbox 957 3286 1063 3364; x_wconf 80' lang='lat' dir='ltr'>Sedet</span> <span class='ocrx_word' id='word_1_663' title='bbox 1084 3294 1193 3381; x_wconf 88' lang='lat' dir='ltr'>igitur</span> 
     </span>
    </p>
   </div>
   <div class='ocr_carea' id='block_1_12' title="bbox 1238 3554 2254 4058">
    <p class='ocr_par' dir='ltr' id='par_1_13' title="bbox 1238 3554 2254 4058">
     <span class='ocr_line' id='line_1_59' title="bbox 1340 3554 2224 3651; baseline 0.001 -23"><span class='ocrx_word' id='word_1_664' title='bbox 1340 3560 1451 3629; x_wconf 88' lang='lat' dir='ltr'>Porro</span> <span class='ocrx_word' id='word_1_665' title='bbox 1475 3561 1513 3628; x_wconf 91' lang='lat' dir='ltr'>in</span> <span class='ocrx_word' id='word_1_666' title='bbox 1536 3575 1713 3630; x_wconf 91' lang='lat' dir='ltr'>conventu</span> <span class='ocrx_word' id='word_1_667' title='bbox 1729 3556 1980 3631; x_wconf 86' lang='lat' dir='ltr'>Ratisbonensi</span> <span class='ocrx_word' id='word_1_668' title='bbox 1999 3560 2062 3651; x_wconf 84' lang='lat' dir='ltr'>qui</span> <span class='ocrx_word' id='word_1_669' title='bbox 2081 3554 2224 3631; x_wconf 88' lang='lat' dir='ltr'>habitus</span> 
     </span>
     <span class='ocr_line' id='line_1_60' title="bbox 1240 3658 2223 3751; baseline 0.005 -23"><span class='ocrx_word' id='word_1_670' title='bbox 1240 3674 1292 3729; x_wconf 87' lang='lat' dir='ltr'>est</span> <span class='ocrx_word' id='word_1_671' title='bbox 1312 3684 1408 3731; x_wconf 89' lang='lat' dir='ltr'>anno</span> <span class='ocrx_word' id='word_1_672' title='bbox 1431 3684 1453 3729; x_wconf 92' lang='lat' dir='ltr'>a</span> <span class='ocrx_word' id='word_1_673' title='bbox 1477 3675 1560 3730; x_wconf 92' lang='lat' dir='ltr'>nato</span> <span class='ocrx_word' id='word_1_674' title='bbox 1583 3686 1623 3730; x_wconf 81' lang='lat' dir='ltr'>ex</span> <span class='ocrx_word' id='word_1_675' title='bbox 1644 3661 1782 3751; x_wconf 88' lang='lat' dir='ltr'>virgine</span> <span class='ocrx_word' id='word_1_676' title='bbox 1803 3658 1946 3732; x_wconf 85' lang='lat' dir='ltr'>Christo</span> <span class='ocrx_word' id='word_1_677' title='bbox 1972 3660 2082 3736; x_wconf 81' lang='lat'><strong>1541.</strong></span> <span class='ocrx_word' id='word_1_678' title='bbox 2106 3674 2223 3733; x_wconf 79' lang='lat' dir='ltr'>untes</span> 
     </span>
     <span class='ocr_line' id='line_1_61' title="bbox 1239 3757 2224 3855; baseline 0.005 -27"><span class='ocrx_word' id='word_1_679' title='bbox 1239 3761 1377 3830; x_wconf 87' lang='lat' dir='ltr'>labores</span> <span class='ocrx_word' id='word_1_680' title='bbox 1393 3757 1742 3854; x_wconf 91' lang='lat' dir='ltr'>pertulitPhilippus,</span> <span class='ocrx_word' id='word_1_681' title='bbox 1762 3776 1914 3855; x_wconf 87' lang='lat' dir='ltr'>quantos</span> <span class='ocrx_word' id='word_1_682' title='bbox 1927 3764 1985 3831; x_wconf 84' lang='lat' dir='ltr'>rix</span> <span class='ocrx_word' id='word_1_683' title='bbox 1998 3764 2121 3833; x_wconf 89' lang='lat' dir='ltr'>decem</span> <span class='ocrx_word' id='word_1_684' title='bbox 2136 3762 2224 3835; x_wconf 79' lang='lat' dir='ltr'>alios</span> 
     </span>
     <span class='ocr_line' id='line_1_62' title="bbox 1238 3856 2254 3955; baseline 0.002 -24"><span class='ocrx_word' id='word_1_685' title='bbox 1238 3864 1482 3933; x_wconf 90' lang='lat' dir='ltr'>robostissimo</span> <span class='ocrx_word' id='word_1_686' title='bbox 1500 3887 1646 3954; x_wconf 87' lang='lat' dir='ltr'>corpora</span> <span class='ocrx_word' id='word_1_687' title='bbox 1664 3866 1815 3954; x_wconf 77' lang='lat' dir='ltr'>perferre</span> <span class='ocrx_word' id='word_1_688' title='bbox 1838 3888 1940 3955; x_wconf 90' lang='lat' dir='ltr'>posse</span> <span class='ocrx_word' id='word_1_689' title='bbox 1961 3867 2163 3949; x_wconf 87' lang='lat' dir='ltr'>crederem,</span> <span class='ocrx_word' id='word_1_690' title='bbox 2185 3876 2224 3933; x_wconf 86' lang='lat' dir='ltr'>ut</span> <span class='ocrx_word' id='word_1_691' title='bbox 2244 3856 2254 3867; x_wconf 63' lang='lat'><em>⁶</em></span> 
     </span>
     <span class='ocr_line' id='line_1_63' title="bbox 1239 3961 2222 4058; baseline 0.001 -26"><span class='ocrx_word' id='word_1_692' title='bbox 1239 3988 1360 4034; x_wconf 88' lang='lat' dir='ltr'>omnes</span> <span class='ocrx_word' id='word_1_693' title='bbox 1373 3966 1606 4046; x_wconf 81' lang='lat' dir='ltr'>mirarentur,</span> <span class='ocrx_word' id='word_1_694' title='bbox 1631 3968 1809 4058; x_wconf 89' lang='lat' dir='ltr'>quomodo</span> <span class='ocrx_word' id='word_1_695' title='bbox 1832 3961 1900 4034; x_wconf 90' lang='lat' dir='ltr'>hoc</span> <span class='ocrx_word' id='word_1_696' title='bbox 1920 3978 1993 4035; x_wconf 84' lang='lat' dir='ltr'>tam</span> <span class='ocrx_word' id='word_1_697' title='bbox 2007 3964 2129 4035; x_wconf 86' lang='lat' dir='ltr'>debile</span> <span class='ocrx_word' id='word_1_698' title='bbox 2145 3989 2222 4035; x_wconf 87' lang='lat' dir='ltr'>con·</span> 
     </span>
    </p>
   </div>
   <div class='ocr_carea' id='block_1_13' title="bbox 0 0 2278 5760">
    <p class='ocr_par' dir='ltr' id='par_1_14' title="bbox 0 0 2278 5760">
     <span class='ocr_line' id='line_1_64' title="bbox 0 0 2278 5760; baseline 0 0"><span class='ocrx_word' id='word_1_699' title='bbox 0 0 2278 5760; x_wconf 95' lang='lat' dir='ltr'> </span> 
     </span>
    </p>
   </div>
  </div>
 </body>
</html>
