4546 5760
686 1473 1465 1606 *runnmonnuun..

931 1803 1182 1818 m

84 2038 236 2154 'Hippus
259 2038 451 2134 blelanthon
482 2070 593 2153 quanti
622 2070 737 2135 lecerit
763 2080 866 2136 mtern
895 2073 1073 2154 poeticam,
1100 2070 1172 2152 ipse
1198 2071 1332 2153 saepius
1362 2071 1533 2154 protessus
1561 2083 1614 2135 est
1636 2074 1669 2134 in
1692 2074 1839 2156 epistolis
1865 2073 1907 2136 ad
1936 2075 2069 2136 amicos.

84 2168 116 2221 ta
138 2159 224 2219 enim
247 2157 353 2218 solum
377 2154 473 2218 valde
494 2155 715 2219 delectabatur
735 2157 948 2237 carminibus,
968 2155 1030 2218 sed
1052 2158 1150 2218 etiam
1173 2156 1309 2220 libenter
1329 2159 1545 2240 agnoscebat,
1575 2176 1719 2237 „veriam
1741 2158 1894 2222 tundendi
1916 2157 2069 2221 carminis

84 2243 207 2326 pinsant
229 2259 277 2305 ac.
291 2240 419 2303 dulcem
442 2242 568 2302 omnino
584 2239 647 2302 Dei
669 2258 752 2322 opus
773 2244 889 2321 esse’',
910 2253 947 2306 ut
967 2242 1040 2323 ipse
1061 2241 1193 2321 scripsit
1214 2240 1254 2304 ad
1268 2239 1459 2322 lluddeum,
1482 2243 1564 2322 Epp.
1582 2241 1705 2306 Volll.
1728 2262 1759 2324 p.
1773 2242 1847 2306 939.
1892 2243 1943 2304 lie
1958 2242 2068 2324 digni-

84 2331 271 2408 apoeseos'·
283 2326 413 2423 uberius
428 2343 521 2387 snam
542 2326 738 2423 sententiam
762 2327 949 2408 perscripsit
971 2327 1004 2388 in
1026 2325 1175 2408 epistolis
1191 2325 1265 2388 vot.
1278 2327 1303 2388 l.
1325 2345 1356 2406 p.
1370 2322 1447 2390 673.
1462 2337 1494 2390 et
1508 2325 1581 2389 Vol
1598 2328 1653 2388 lll.
1673 2347 1703 2409 p.
1717 2325 1793 2391 sus.
1816 2340 1850 2390 et
1871 2329 1903 2389 in
1926 2329 2068 2390 carmine

84 2406 222 2493 dudd„
244 2411 331 2493 quod
350 2412 476 2490 incipit:
504 2408 572 2489 „St
590 2408 692 2472 decus
710 2410 901 2474 Ausoniue''
923 2420 986 2475 eto.
1975 2461 1977 2467 .

167 2523 354 2589 Secundum
376 2527 532 2587 rationem
554 2522 641 2586 illius
666 2541 748 2588 vero
769 2523 888 2607 seculi,
918 2532 954 2587 nt
975 2524 1032 2586 viri
1054 2521 1141 2586 docti
1168 2522 1200 2585 in
1229 2493 1374 2586 familiari
1395 2522 1560 2588 literarum
1583 2526 1777 2589 commercio
1800 2545 1862 2589 non
1886 2526 1947 2589 nisi
1969 2527 2069 2589 latina

84 2629 150 2696 gna
170 2611 359 2692 utebantur,
380 2611 431 2672 sie
454 2609 551 2672 etiam
572 2606 611 2687 ii,
632 2608 686 2691 qni
700 2625 816 2671 venam
836 2607 997 2691 poetieam
1020 2607 1125 2671 alico
1147 2618 1362 2690 acceperunt,
1382 2608 1523 2672 earmina
1537 2627 1598 2673 sua
1619 2628 1681 2691 non
1697 2611 1871 2675 vernacula
1884 2608 1945 2675 sed
1961 2611 2070 2691 latina,

84 2697 214 2761 letiam
237 2713 356 2777 gruem
378 2695 488 2775 lingua
510 2693 689 2774 canebant,
720 2703 755 2757 ut
776 2692 931 2783 Eobpnus
954 2691 1105 2771 Hessos,
1134 2689 1317 2774 Buscbiua,
1344 2693 1409 2758 lac.
1431 2693 1603 2776 Micyllus,
1636 2695 1754 2776 θοοῖς.
1777 2696 1931 2776 Sabinus,
1963 2695 2069 2757 loaeb.

84 2781 267 2859 merarius,
291 2782 334 2842 lo.
350 2778 528 2861 Stigelius,
550 2777 712 2860 Georgius
728 2776 895 2840 Fabricius
919 2777 1045 2859 aliique.
1091 2777 1253 2839 Putabant
1269 2777 1461 2840 Scholarum
1484 2776 1658 2858 praelecti,
1683 2791 1717 2841 et
1739 2799 1800 2840 non
1815 2783 1934 2860 inepte,
1956 2799 2069 2841 omnes

84 2869 170 2931 rnino
193 2866 411 2928 scholasticos
434 2861 661 2925 exercitandus
684 2880 763 2927 esse
784 2864 815 2925 in
838 2861 1068 2943 componendis
1090 2862 1283 2923 carminibus
1306 2862 1430 2928 latinis.
1452 2865 1564 2943 partim
1584 2874 1619 2924 ut
1634 2874 1777 2926 veterum
1801 2865 2070 2927 carminamelius
2134 2872 2140 2881 “

84 2952 277 3034 lelligercnt,
298 2966 472 3029 eorumque
494 2946 724 3029 praestantiam
744 2947 849 3009 animo
872 2947 1047 3021 sentirent,
1069 2948 1182 3027 partim
1194 2955 1238 3016 ,ut
1257 2954 1347 3007 recte
1364 2948 1571 3027 pronuntiare
1585 2947 1745 3010 discerent
1759 2959 1793 3009 ct
1809 2950 1940 3029 regulas
1954 2967 2068 3028 gram·

84 3039 179 3100 aticas
200 3034 316 3097 melius
340 3033 569 3181 perspicerent
612 3027 686 3111 [Cf.
707 3031 929 3110 Melautlronis
955 3028 1112 3112 praelatio
1134 3029 1176 3092 ad
1196 3030 1321 3110 Micylli
1351 3031 1449 3091 libros
1476 3029 1518 3091 de
1548 3049 1583 3091 re
1605 3034 1783 3108 metallica,
1813 3033 1895 3115 llpp.
1917 3032 1991 3095 Vol.
2012 3034 2068 3094 lll.
2091 3102 2095 3109 ,

88 3121 151 3187 756
169 3120 272 3203 sqq).
315 3116 388 3198 Qua
433 3138 451 3180 e
477 3134 578 3181 cauae
598 3115 790 3179 Melantlmn
818 3134 946 3198 quoque
973 3116 1112 3179 iuvenes
1138 3133 1224 3197 suae
1243 3114 1430 3195 disciplinae
1460 3113 1594 3180 traditos
1621 3117 1654 3178 in
1677 3118 1869 3180 carminibus
1891 3117 2069 3180 scribendis

84 3205 225 3271 :arcebat
268 3199 323 3267 ct.
345 3202 428 3285 llpp.
450 3201 525 3265 Vol.
537 3200 580 3263 Χ.
600 3218 631 3282 p.
643 3198 718 3263 set.

169 3316 430 3382 semiramem
445 3314 638 3378 carminibus
652 3311 779 3378 Noster
791 3312 1034 3378 modestissime
1050 3332 1182 3397 semper
1194 3313 1369 3400 indicabat,
1391 3317 1496 3399 iisque
1516 3322 1650 3398 pretium
1671 3319 1741 3382 lere
1757 3320 1877 3384 nullum
1891 3320 2069 3398 stutuebat:
2142 3294 2147 3304 ’

84 3406 134 3469 ius
152 3402 333 3466 modestiae
353 3401 510 3482 epistolae
523 3400 593 3462 eius
612 3399 777 3463 continent
791 3399 891 3462 multe
911 3401 1107 3465 testimonia.
1151 3401 1208 3463 Sic
1220 3400 1260 3463 ad
1276 3401 1494 3464 Camerariunr
1518 3404 1555 3465 Τ.
1572 3404 1594 3464 l.
1618 3423 1648 3483 p.
1662 3404 1753 3467 edu:
1775 3405 1833 3485 „0
1852 3423 1904 3466 me
1917 3406 2070 3485 ineptum,

84 3492 101 3552 i
125 3489 229 3553 vobis·
247 3486 350 3548 audeo
378 3504 470 3548 meos
500 3503 619 3548 versus
644 3485 795 3567 mittere,
823 3482 1078 3566 elegantissimis
1109 3483 1289 3548 bominibus
1316 3484 1442 3549 insulsa
1469 3490 1647 3567 poemata’'
1701 3489 1783 3552 ltom
1815 3487 1857 3551 ad
1886 3487 2070 3570 lluddeum,
2181 3513 2182 3516 ¹

84 3574 174 3639 alx.
198 3569 330 3655 pli-“illc
358 3570 577 3651 „Versiculos
600 3586 691 3632 meos
716 3571 784 3647 scio
801 3569 928 3632 ieiunos
948 3578 980 3632 et
1001 3570 1129 3648 ineptos
1152 3586 1247 3649 esse,
1271 3582 1304 3632 et
1325 3571 1431 3632 malim
1452 3587 1512 3633 eos
1531 3590 1595 3633 non
1616 3568 1677 3633 cdi.
1720 3572 1796 3654 ligo
1815 3572 1927 3637 videor
1947 3574 2071 3634 blarsia

84 3672 237 3726 itcorvus
256 3656 339 3718 intcr
358 3674 485 3738 cygnos
507 3655 693 3717 crocitare.”
736 3652 791 3716 ct.
814 3654 912 3717 etiam
932 3653 1015 3736 Epp.
1039 3653 1115 3717 Vol.
1131 3654 1203 3718 Vll.
1224 3653 1344 3734 petit:
1387 3654 1506 3737 Neque
1526 3657 1637 3736 negari
1657 3666 1784 3740 potest,
1810 3657 1840 3718 in
1859 3657 2070 3721 Melanthone

84 3745 235 3809 cultatem
256 3739 361 3803 iudicii
380 3741 531 3804 maiorem
553 3737 657 3801 luisse
680 3756 776 3820 quarn
796 3740 972 3821 φαντασίας
993 3739 1173 3818 servorem,
1202 3755 1265 3819 quo
1285 3742 1402 3819 poetae
1423 3739 1458 3800 in
1474 3739 1572 3802 ultum
1594 3739 1756 3817 feruntur,
1786 3752 1820 3803 et
1837 3744 1977 3804 carmina
1998 3743 2069 3803 eius

84 3832 151 3894 nius
173 3845 218 3890 ex
236 3825 368 3888 rationis
391 3826 588 3907 cogitatione
608 3833 685 3886 nata
703 3836 798 3905 esse,
821 3841 915 3906 qnam
936 3833 1119 3885 exsensus
1139 3822 1279 3886 fervore.
1323 3821 1460 3885 Omnino
1483 3825 1566 3887 enim
1587 3828 1693 3907 inagis
1713 3826 1754 3888 ad
1776 3825 1961 3890 doctrinam
1974 3844 2068 3907 quam

84 3913 219 4000 lpoesin
237 3920 308 3974 erat
327 3912 484 3973 formatus
504 3929 524 3972 a
548 3919 680 3987 natura,
711 3908 796 3990 quod
825 3909 920 3971 etiam
941 3910 1013 3988 ipae
1032 3908 1254 3990 agnoscebat,
1279 3905 1417 3988 ideoque
1441 3905 1483 3970 de
1508 3926 1547 3972 se
1568 3928 1687 3974 versus
1707 3913 1899 3992 usurpabat:

511 4026 611 4078 lurida
628 4038 670 4075 rae
688 4024 790 4088 spaciis
808 4029 908 4076 natura
925 4023 1049 4076 coercuit
1064 4023 1161 4089 arctis,

548 4094 652 4157 ingenii
672 4095 746 4144 vires
764 4094 931 4159 exiguaeque
949 4094 1033 4147 dedit.

84 4169 120 4235 id.
139 4168 222 4252 Ilpp.
243 4163 318 4228 Vol.
334 4162 423 4226 Vlll.
445 4183 475 4246 p.
489 4162 563 4226 240.
583 4173 617 4225 et
635 4183 665 4244 p.
678 4160 753 4225 stt.

173 4281 292 4364 Neque
305 4279 397 4341 Deus
410 4279 609 4340 Melanthoni
625 4288 833 4341 concesserat
847 4276 941 4339 dulce
958 4276 1034 4340 illud
1050 4278 1166 4360 otium,
1187 4276 1278 4361 qnod
1290 4278 1396 4359 ponitis
1410 4278 1449 4341 ad
1469 4277 1632 4361 gignenda
1650 4280 1791 4342 carmina
1806 4279 1931 4341 omnino
1947 4296 2068 4340 neces·

84 4373 164 4437 rium
185 4377 254 4448 est3
286 4366 348 4426 imo
362 4382 446 4425 verra
461 4363 661 4426 lllelantboni
677 4382 838 4426 concessa
853 4363 1028 4424 innumeris
1050 4363 1228 4443 laboribus,
1250 4379 1333 4443 quos
1350 4364 1381 4424 in
1400 4381 1439 4424 so
1454 4364 1620 4444 suscipere
1635 4363 1790 4445 debebat,
1812 4365 2070 4444 exhauriebatur,

96 4456 207 4522 lervor
228 4452 298 4514 eius
318 4454 462 4530 poeticus
487 4452 590 4531 curis,
611 4450 772 4511 aerumnis
794 4459 827 4510 et
848 4447 1102 4510 cavillationibus
1121 4448 1319 4510 inimicorum
1343 4447 1504 4509 hominum
1526 4448 1756 4511 suffocabatur.
1788 4447 1894 4528 „illibi
1908 4482 1948 4493 -
1964 4447 2068 4528 (scri-

84 4543 193 4624 tmpp.
214 4536 290 4600 Vol.
305 4535 363 4598 lll.
382 4553 415 4614 p.
430 4533 540 4615 ten),
563 4536 591 4595 si
614 4531 687 4615 quid
708 4533 767 4596 luit
790 4531 927 4613 ingenii,
950 4541 1173 4612 consumptum
1195 4544 1249 4596 est
1271 4531 1300 4591 in
1322 4532 1399 4593 rixis
1413 4532 1657 4615 disputationum
1679 4543 1714 4596 et
1735 4534 1764 4593 in
1780 4551 1897 4615 inagna
1912 4536 2069 4596 varietate

84 4630 267 4714 potiorum,
299 4620 331 4681 in
352 4619 467 4700 quihus
486 4615 683 4681 versamur.''
707 4651 742 4664 -·
788 4617 914 4699 „Nosti
938 4617 1068 4697 [scribit
1090 4617 1228 4700 Stigalio
1249 4616 1323 4680 Vol.
1337 4616 1395 4681 Vl.
1421 4636 1450 4699 p.
1464 4618 1559 4700 817.)
1587 4619 1722 4680 maciem
1749 4629 1879 4681 nostrae
1899 4621 2070 4700 orationis:

99 4717 133 4778 iu
150 4712 215 4776 bac
233 4704 418 4789 moesticia,
439 4704 566 4767 etiamsi
587 4703 661 4786 quid
685 4701 804 4766 luisset
824 4701 961 4782 ingenii,
982 4705 1157 4765 extinctum
1180 4703 1301 4765 esset”
1884 4709 1888 4715 ’
2072 4745 2073 4748 ,

175 4822 365 4905 Quanquam
389 4819 485 4903 igitur
507 4820 632 4882 Noster
653 4821 794 4883 carmina
817 4820 896 4882 fecit
922 4835 1017 4900 quum
1040 4813 1209 4878 admodum
1235 4812 1361 4875 iuvenis
1386 4823 1496 4892 osset,
1525 4823 1632 4875 tamen
1656 4830 1816 4897 nunquam
1841 4834 1972 4892 carmen
1990 4836 2069 4898 pro·

84 4933 146 4982 mm
167 4909 365 4991 composuit,
387 4905 447 4968 sed
465 4907 612 4969 breviora
634 4916 777 4988 tantum,
798 4916 834 4969 ut
853 4905 1101 4986 epigrammata,
1121 4897 1301 4980 epitaphia,
1323 4916 1457 4980 preces,
1479 4898 1635 4980 diaticlra,
1657 4899 1776 4962 breves
1792 4899 1974 4964 adamicos
1995 4905 2068 4983 opi-

84 5001 153 5069 oias
173 4982 369 5078 poeticine:
385 4990 512 5053 similia.
554 4992 797 5072 Longissimum
818 5008 948 5052 carmen
971 4995 1022 5048 eet
1042 4986 1118 5047 illud
1142 4982 1226 5064 quod
1243 4983 1443 5045 inscribitur:
1465 4977 1599 5046 collisio
1620 4980 1661 5043 de
1682 4982 1882 5065 impositione
1904 5005 2070 5066 moranum,

84 5080 215 5154 ,15st
238 5075 371 5141 laetum.
419 5074 543 5157 Magna
568 5078 741 5137 carminum
773 5093 848 5155 pars
871 5073 1086 5152 Witebergae
1112 5068 1186 5131 inde
1211 5068 1252 5129 ab
1279 5086 1328 5130 an.
1352 5067 1446 5130 tels
1473 5085 1579 5147 usque
1605 5066 1647 5129 ad
1670 5086 1722 5133 an.
1743 5069 1835 5135 tta-u.
1868 5072 1988 5152 scripta
2008 5081 2069 5133 est.

84 5182 226 5250 mquam
242 5161 325 5224 enim
339 5176 472 5222 uxorem
483 5160 620 5222 duxerat
639 5161 758 5223 multos
778 5160 1006 5222 adolescentes
1019 5153 1166 5235 adeoque
1180 5169 1299 5234 pueros
1312 5152 1343 5214 in
1359 5150 1487 5223 domum
1502 5169 1593 5215 snam
1608 5163 1778 5236 receptos,
1800 5157 1852 5217 vel
1867 5155 2070 5218 admoneam

84 5274 139 5323 an
152 5249 333 5330 mniaaos,
353 5246 511 5330 instituit,
526 5264 649 5328 eosque
663 5248 761 5310 ctiam
779 5245 810 5308 in
826 5243 984 5308 iaciendis
1004 5240 1194 5305 carminibus
1211 5238 1411 5302 exercitavit.
1454 5236 1491 5299 ln
1505 5237 1560 5300 illa
1579 5237 1694 5304 sclicla
1711 5239 1837 5323 privata
1851 5239 2072 5304 Melantlronis
