4546 5760
733 140 1060 225 CARMINUM
1110 147 1218 227 LlB.
1242 147 1332 228 ⁴111.

1976 171 2053 249 646

94 314 203 389 limus
218 309 305 386 haec
320 315 386 386 tibi
403 311 521 388 Gnate
537 312 622 402 Dei,
645 318 696 390 sic
717 320 859 390 credere
875 319 955 393 voci
1029 321 1032 425 l
1056 316 1125 393 No.
1147 321 1236 397 328.
1808 373 1812 381 ι
1839 321 1841 326 ’
1877 375 1926 416 m,
1954 353 2047 417 1559,

94 418 228 491 rolatae
244 441 285 488 ex
300 419 414 510 patrio
429 420 601 512 praecipis
613 421 688 511 ipse
706 423 801 493 sinu.

98 533 218 592 tamen
236 515 323 590 haec
339 521 423 591 fidei
437 522 574 592 modica
591 535 643 592 est
656 523 871 611 scintillula,
895 525 958 595 fiat

94 622 211 694 ¹uxilio
229 623 382 715 petimus
398 623 528 693 fortior
544 624 605 693 illa
622 637 695 695 tuo.

94 725 193 796 reluti
209 725 298 797 lucis
314 724 432 795 radios
447 724 509 797 Sol
527 727 659 818 spargit
677 728 716 797 in
733 723 883 810 Orbem,

94 827 122 898 'u
137 826 193 896 sol
209 825 365 897 iustitiae
378 849 445 897 nos
460 849 540 918 rege
556 828 635 898 lnce
651 841 723 899 tua.
739 835 742 841 '

94 952 151 1000 lon
168 929 326 1019 extingui
339 928 473 1020 patiare
486 930 526 999 in
542 943 681 1022 pectore
696 945 830 1018 nostro,

94 1030 307 1126 otiliamque
322 1031 397 1116 tui,
422 1031 656 1127 notitiamque
671 1034 793 1125 patris.

94 1133 288 1228 pitiumquc
303 1145 385 1204 tuac
400 1134 583 1204 doetrinae
600 1149 743 1227 protege
759 1130 913 1222 Christe,

94 1236 308 1330 manuelque
321 1248 384 1308 tuo
399 1258 538 1329 semper
554 1239 674 1308 adesto
690 1238 796 1328 gregi.

94 1541 191 1667 Q
836 1575 885 1614 au.
909 1552 1004 1616 1559.

825 1641 998 1670 w

94 1722 163 1794 lpud
176 1720 303 1781 Vincent.
319 1742 345 1795 p.
359 1722 402 1778 89.
437 1721 544 1795 Scripta
560 1720 636 1794 publ.
652 1721 696 1776 lll.
711 1742 737 1794 p.
749 1723 809 1777 25⁶.

410 1868 600 1936 Precatio.

94 1996 122 2067 d
137 2000 247 2096 λόγος
262 1997 398 2068 aeterni
412 1998 585 2068 demissus
599 1996 645 2067 ab
660 2021 740 2068 arce
761 1999 928 2089 parentis,

94 2113 191 2172 actus
205 2113 240 2170 et
258 2093 414 2170 humana
429 2101 569 2171 victima
589 2124 694 2170 carne
711 2099 796 2171 suit:

94 2215 174 2273 cest
187 2201 310 2271 divina
325 2203 496 2294 sapientia
512 2203 641 2273 tradita
657 2226 755 2285 voce,

94 2319 181 2389 tuam
197 2327 301 2372 verax
319 2305 416 2375 testis
431 2304 639 2396 comprobat
653 2303 728 2395 ipse
741 2300 850 2375 Deus.

95 2416 130 2476 ta
144 2401 211 2476 Dei
231 2404 394 2491 bonitas,
418 2418 452 2475 ct
467 2419 562 2477 tanta
581 2400 666 2474 haec
681 2405 822 2473 foedera
841 2401 938 2472 cerni

94 2503 148 2578 [on
162 2519 327 2598 possunt,
355 2509 480 2577 doceas
494 2505 554 2577 Tu
568 2506 637 2576 nisi
656 2505 763 2575 corda
778 2503 886 2577 Deus.

94 2620 212 2679 sutem
227 2608 370 2699 agnosci
384 2601 517 2708 λόγον,
545 2633 585 2678 ac
601 2622 642 2679 ut
659 2607 812 2677 nuncius
828 2607 896 2677 iret

94 2708 218 2796 lisisti,
240 2710 345 2781 nobis
361 2711 490 2801 pignus
505 2723 539 2781 et
556 2732 629 2780 esse
647 2709 758 2780 iubes.

94 2825 186 2901 pater
199 2813 273 2904 ipse
288 2812 395 2882 simul
411 2812 485 2894 vis,
510 2826 545 2883 et
561 2826 620 2883 tua
638 2834 785 2882 munera
799 2808 894 2879 sumi

94 2914 118 2984 'e
132 2915 294 2984 tribuens
308 2914 414 2985 nobis
430 2927 466 2986 et
480 2927 541 2985 tua
556 2916 669 2995 dona,
694 2914 772 2982 lide.

94 3040 106 3087 s
125 3012 243 3086 Gnate
259 3011 327 3086 Dei
342 3017 447 3087 nobis
461 3019 506 3086 da
518 3011 659 3087 Christe
674 3036 870 3108 precamur,

94 3116 236 3189 sotitiam
256 3119 383 3209 patris,
409 3118 646 3212 notitiamque
660 3117 724 3189 tui.

94 3244 116 3291 e
131 3233 192 3291 tuo
207 3221 418 3291 flammasin
437 3232 577 3311 pectora
593 3219 749 3315 spargito
769 3232 902 3301 nostra,

94 3319 116 3394 lt
131 3322 311 3393 celebrent
325 3346 409 3392 vcro
425 3341 563 3413 semper
577 3316 715 3391 honore
729 3320 857 3394 Deum.

94 3447 136 3496 ua
152 3424 198 3495 sit
213 3447 378 3509 concors,
404 3437 604 3517 crescatque
617 3419 794 3508 Ecclesia,
819 3435 855 3493 et
868 3447 939 3494 una

94 3525 163 3597 'oce
176 3539 253 3597 tuas
268 3526 406 3612 laudes,
428 3539 464 3596 et
480 3539 540 3596 tua
555 3527 651 3594 dona
666 3537 780 3598 canat.

109 3830 196 3904 327,
839 3863 886 3900 au.
912 3839 1005 3902 1559.

94 3926 196 3958 φ»

826 3926 999 3955 w

94 4010 168 4084 lpud
183 4011 310 4068 Vincerat.
324 4031 351 4088 p.
365 4013 410 4068 48.

94 4160 285 4253 coniugio,
309 4160 352 4226 in
372 4158 527 4246 nuptias
546 4159 743 4226 Ioannis
762 4158 1006 4243 Cratonis,

94 4267 164 4333 ism
184 4268 224 4332 et
252 4255 470 4330 medicinae
492 4258 604 4330 Doct.
631 4259 906 4342 Vectislooiae,
942 4281 1005 4331 cn.

309 4357 703 4453 tabennensesque.
932 4441 935 4444 ,

131 4467 246 4553 Ephes.
262 4471 310 4533 50:
335 4467 519 4551 Mysterium
537 4469 596 4531 hoo
612 4491 756 4551 magnum
773 4481 817 4530 est
830 4481 890 4532 stc.

94 4621 141 4670 :us
152 4612 194 4669 ut
209 4598 248 4667 in
262 4619 395 4690 sponso
415 4597 640 4669 flammarum
658 4597 823 4667 incendia
839 4596 957 4681 sentit,

94 4700 142 4790 tui
157 4723 242 4770 vero
254 4722 405 4792 sponsae
421 4699 547 4790 flagrat
562 4722 682 4769 amore
697 4721 796 4769 suae:

94 4825 188 4874 nram
202 4802 334 4872 sociam
351 4827 436 4873 vero
450 4802 501 4873 sic
515 4802 633 4892 diligit
650 4801 733 4891 igne

94 4904 182 4977 'ilius
196 4916 340 4975 aeterno
358 4907 402 4975 de
419 4901 591 4976 Genitore
606 4917 714 4975 satus.

94 5008 141 5080 uit
155 5002 314 5078 humano
329 5029 436 5101 quam
451 5007 615 5088 foedere,
640 5030 712 5102 quo
733 5006 803 5076 sibi
819 5018 981 5078 nostrum

94 5113 239 5183 ‘caterno
252 5109 386 5201 pariter
399 5108 516 5180 iunxit
531 5132 652 5179 amore
664 5130 787 5199 genus.

94 5245 98 5284 ι
116 5206 213 5283 thori
228 5206 325 5282 Deus
339 5211 539 5302 exemplum
557 5234 639 5294 eum
653 5209 808 5282 foederis
822 5204 930 5282 huius

94 5313 153 5388 lssc
166 5313 273 5401 velit,
299 5326 391 5386 caste
403 5311 577 5406 praecipit
590 5311 666 5407 ipsa
680 5313 764 5385 c'oli.

1064 415 1236 444 ⁸⁴0&
1870 442 2041 472 Μ

1143 532 1224 607 Apud
1240 534 1367 594 Vincerat.
1384 558 1410 610 p.
1424 539 1457 593 52
1469 559 1510 613 sq.

1106 683 1400 773 Ad'stssdiosom
1421 703 1654 829 incentqtem
1671 731 1739 804 pro
1766 707 1877 807 felici
1900 725 1995 792 enni

1460 814 1644 900 cnspscs‘o.

1056 941 1149 1014 Vere
1163 940 1282 1035 Deus,
1303 951 1462 1043 sapiens,
1488 959 1598 1030 verbo
1615 974 1655 1031 tu
1667 977 1792 1036 cuncta
1806 974 1945 1060 creasti,

1106 1042 1154 1118 Et
1168 1050 1273 1120 certis
1288 1075 1423 1124 annum
1440 1057 1576 1149 legibus
1591 1061 1643 1131 ire
1660 1063 1770 1135 iubes.

1054 1144 1216 1243 Cumque
1232 1153 1321 1223 velis
1337 1152 1479 1247 pulchri
1492 1177 1605 1233 metae
1620 1180 1823 1258 spectentur
1836 1188 1878 1247 ut
1890 1180 1994 1250 anni:

1106 1249 1275 1324 Miranda
1291 1255 1387 1327 Solis
1403 1270 1442 1329 tu
1457 1263 1549 1353 regis
1564 1278 1639 1335 arte
1653 1269 1738 1344 vias.

1054 1346 1166 1423 Effice
1182 1368 1224 1427 ut
1240 1356 1305 1428 iste
1321 1370 1382 1430 tuo
1396 1363 1503 1432 nobis
1523 1366 1569 1437 sit
1583 1372 1731 1441 numine
1745 1374 1829 1445 felix

1106 1450 1253 1544 Annus,
1278 1460 1342 1553 qui
1358 1487 1472 1534 novus
1486 1460 1555 1538 hoc
1573 1468 1699 1564 incipit
1715 1498 1788 1547 esse
1801 1480 1869 1553 die.

1055 1550 1265 1650 Da'pacem,
1291 1563 1499 1659 vigeantque
1512 1568 1627 1642 bonae
1641 1586 1675 1644 te
1691 1579 1851 1668 praeside
1867 1582 1971 1674 leges,

1107 1655 1161 1731 Ac
1177 1657 1367 1754 Evangelii
1384 1690 1450 1737 nos
1467 1693 1546 1761 rege
1560 1672 1638 1744 luce
1654 1677 1726 1752 tui.
1768 1743 1775 1764 ,

970 1863 972 1866 Α
1057 1758 1241 1833 lnlirmum
1258 1767 1325 1836 scis
1339 1792 1413 1838 esse
1425 1791 1586 1867 gregem,
1612 1779 1675 1872 qui
1690 1783 1852 1873 dogmata
1867 1788 1980 1858 discit.

1106 1862 1255 1936 Vivilica
1271 1871 1367 1958 gnati
1383 1873 1510 1945 tradita
1527 1901 1612 1950 voce
1628 1882 1695 1952 tui.
1773 1890 1776 1895 '

1061 1960 1169 2036 Adsis
1182 1968 1220 2036 in
1236 1971 1341 2041 nobis
1356 1972 1467 2063 igitur
1480 1993 1668 2076 custosque
1685 1998 1865 2082 paterque,
1975 2045 1979 2051 -

1105 2067 1213 2139 Nulla
1229 2073 1327 2144 venit
1339 2076 1444 2145 nobis
1461 2077 1494 2148 'l‘
1495 2102 1515 2148 e
1527 2082 1604 2152 sine
1617 2086 1722 2157 dante
1739 2089 1843 2160 salus.

1053 2165 1102 2240 Et
1115 2172 1198 2265 quia
1215 2185 1254 2241 tu
1268 2175 1385 2264 legum
1401 2177 1498 2264 sons,
1523 2184 1637 2274 pulcri
1653 2211 1693 2258 ac
1708 2192 1846 2262 ordinis
1863 2211 1968 2269 autor

1104 2269 1155 2342 Es
1167 2270 1281 2359 Deus,
1307 2291 1341 2345 et
1357 2292 1474 2350 custos
1490 2282 1638 2372 legitimi
1656 2286 1815 2381 lmperii:

1054 2366 1099 2443 F
1093 2369 1260 2444 ernondo
1272 2377 1408 2450 tribuas
1424 2382 1528 2474 longa
1544 2399 1580 2456 et
1596 2388 1734 2462 foelicia
1751 2398 1851 2486 regni

1106 2475 1284 2568 Tempora
1300 2481 1344 2550 da
1360 2483 1497 2554 faustus
1511 2487 1558 2557 sit
1572 2503 1671 2579 pater
1683 2508 1722 2565 nt
1735 2499 1879 2588 patriae.

1055 2575 1220 2650 Succedit
1235 2581 1336 2652 fratri
1348 2584 1456 2656 frater
1470 2587 1535 2658 tibi
1550 2582 1704 2680 Corolc,
1728 2598 1828 2672 cuius

1000 2715 1011 2737 s
1106 2678 1285 2752 Virtutem
1301 2708 1439 2779 semper
1452 2691 1543 2762 secla
1560 2693 1678 2766 sutura
1694 2717 1831 2788 canent,

1055 2779 1182 2854 Vicisti
1195 2786 1352 2876 quoties,
1376 2790 1518 2862 bonitas
1530 2807 1590 2865 tua
1607 2796 1711 2872 leniit
1725 2800 1828 2890 iram,

1105 2882 1159 2954 Ne
1174 2886 1309 2956 bellum
1327 2905 1469 2980 possent
1488 2896 1599 2967 tristia
1615 2900 1717 2991 plura
1733 2908 1844 2999 sequi.

1054 2980 1109 3055 Ex
1125 3009 1212 3056 auro
1226 2988 1345 3059 frenos
1358 2992 1418 3062 dat
1435 2992 1552 3066 Pallas
1568 2995 1851 3096 Bellerophonti,

1106 3084 1228 3160 Servet
1244 3105 1285 3162 ut
1300 3092 1454 3164 inbellis
1471 3121 1551 3167 cum
1567 3102 1705 3173 ratione
1718 3109 1877 3184 modum.

1055 3187 1125 3260 Par
1141 3190 1282 3264 bonitas
1297 3195 1398 3265 fratri
1415 3211 1485 3284 est,
1510 3201 1575 3294 qui
1592 3226 1733 3295 parcere
1750 3209 1887 3284 civibus
1902 3231 2010 3307 optat,

1105 3287 1153 3363 Et
1167 3306 1290 3364 contra
1307 3294 1444 3367 Tureos
1460 3301 1522 3393 qui
1537 3302 1595 3393 pia
1611 3304 1704 3376 bella
1719 3311 1818 3399 gerit.
1844 3397 1846 3400 g
1937 3334 1942 3345 “

1056 3391 1157 3483 Quos
1175 3397 1334 3486 procula
1349 3400 1452 3469 nobis
1468 3404 1623 3494 depellas
1637 3403 1777 3482 Christe
1791 3439 1987 3506 precamur,

1105 3492 1277 3590 Bellaque
1292 3521 1395 3570 nemo
1413 3504 1510 3573 domi
1528 3508 1693 3580 seditiose
1707 3528 1813 3603 gerat.

1056 3719 2046 3758 Ἣ,

1056 3866 1223 3996 Q&

1869 3982 2038 4012 Μ

1160 4079 1242 4151 Apud
1261 4079 1387 4136 Vincent.
1410 4101 1435 4154 p.
1450 4083 1483 4139 53
1495 4103 1536 4156 sq.

1056 4238 1282 4314 Echoctotio
1296 4241 1347 4316 ac
1357 4243 1557 4320 doctrinae
1567 4247 1698 4322 studia
1712 4260 1752 4323 et
1765 4236 2045 4334 invocationem.

1056 4391 1251 4466 Effundam
1270 4394 1414 4478 flatum,
1440 4395 1546 4482 dicis,
1570 4396 1719 4470 Davidis
1733 4400 1772 4470 in
1785 4426 1922 4494 agmen,
1978 4455 1983 4465 .

1109 4493 1265 4581 Christe,
1291 4491 1479 4586 Evangelii
1491 4499 1553 4592 qui
1568 4500 1656 4571 solet
1672 4525 1746 4571 esse
1761 4527 1887 4582 comes.

1059 4594 1183 4668 Gratia
1201 4620 1328 4688 magna
1341 4594 1410 4667 Dei
1424 4599 1534 4668 docili
1548 4614 1588 4671 ut
1603 4603 1789 4675 notissima
1804 4607 1876 4694 liat,

1110 4697 1230 4794 thue
1243 4722 1346 4793 prece
1363 4701 1505 4770 accedat
1519 4725 1594 4771 non
1611 4705 1797 4778 dubitante
1813 4704 1942 4786 Deum.

1059 4798 1244 4872 Mentibus
1258 4815 1291 4873 et
1308 4801 1449 4894 petiisse
1465 4803 1564 4874 iubes
1581 4798 1650 4877 hoc
1662 4832 1792 4881 munus
1807 4807 1958 4899 anhelis,

1110 4902 1235 4997 Teque
1251 4900 1365 4974 avidis
1382 4902 1477 4975 iuras
1496 4898 1565 4977 hoc
1578 4907 1664 4978 dare
1678 4910 1769 4981 velle
1785 4913 1932 4987 bonum.
2014 4974 2016 4981 ,

1057 5001 1154 5096 Ergo
1173 5026 1258 5076 voce
1275 5019 1336 5076 tua
1352 5005 1474 5076 conlisi
1489 5002 1630 5079 Christe
1647 5034 1841 5102 precamur,

1110 5103 1211 5178 Aura
1224 5107 1398 5199 evangelii
1410 5107 1456 5178 sit
1471 5132 1588 5181 comes
1601 5110 1668 5184 ista
1686 5115 1751 5188 tui.

1059 5209 1192 5283 Luceat
1207 5209 1245 5279 in
1263 5209 1387 5294 nobis,
1412 5224 1446 5281 et
1458 5211 1571 5282 iustae
1586 5207 1728 5307 pectora
1744 5234 1865 5293 nostra

1112 5310 1304 5422 hdsimilet
1318 5309 1535 5486 ¹5}qu
1551 5317 1632 5387 data
1650 5342 1735 5390 voce
1748 5320 1820 5392 Dei
1837 5337 1899 5397 est.
