4546 5760
112 168 198 245 aas.
696 152 1127 259 Quassutu-uss
1162 156 1571 263 acanuutcsu
2071 180 2149 257 aas

111 342 312 415 merentia
334 340 523 414 ministerii
550 335 775 429 Evangelici:
808 355 925 413 tamen
950 340 1103 433 optarim
1126 346 1133 395 t
1155 351 1341 409 servamnt
1367 336 1428 411 ills
1451 333 1630 415 Ecclesiae
1657 343 1813 430 lumina,
1845 365 1937 445 qaas
1971 376 2147 449 raptam.

111 440 175 517 bu
197 458 316 537 partes
331 444 473 515 dicendi
490 442 568 514 aliis
584 442 624 512 in
646 436 713 511 boc
732 457 834 515 coetu
851 443 1103 515 eruditioribus
1154 451 1240 506 runt
1254 436 1503 522 Martionitas,
1533 442 1822 538 samosatenum,
1859 450 2004 543 Arium,
2039 475 2075 531 et
2094 462 2144 529 ci.

110 548 212 619 tata·
233 570 319 617 esse.
375 545 455 617 Sed
471 560 520 617 ot·
535 544 774 634 obtemperem
796 545 960 636 publicae
983 562 1017 616 et
1035 539 1103 613 ho-
1153 538 1267 607 miles.
1318 538 1516 613 Fatendum
1532 560 1583 616 est
1597 546 1722 636 igitur,
1747 553 1916 625 maiorem
1936 582 2010 628 esse
2024 559 2143 655 Syno-

109 656 231 719 misae
246 645 516 726 consuetudini,
549 645 670 715 adiero
686 645 831 715 brevem
847 646 1101 739 quaestionem,
1153 638 1191 707 di
1218 642 1442 712 autoritatem
1464 644 1503 713 in
1528 645 1817 741 interpretatione
1833 658 2010 749 ambigui,
2035 687 2142 754 quam

110 756 232 823 etwas
252 770 359 839 rogo,
394 744 548 819 uthans
576 770 690 815 meam
716 747 991 836 disputationem
1014 745 1100 817 honi
1151 738 1260 858 unips
1289 756 1350 811 aut
1379 743 1620 835 singulorum,
1653 747 1800 844 Alioqui
1828 758 1966 878 frustra
1988 763 2143 838 iussisset

109 850 312 922 consulatis.
365 848 504 921 Multae
518 847 552 919 e't
567 870 713 937 magnae
728 850 987 918 controversiae
1004 873 1101 919 nnnc
1151 839 1334 932 Scriptura
1351 845 1478 916 deferri
1495 872 1617 921 causas
1631 855 1674 921 ad
1685 855 1879 927 multonem
1891 861 2042 949 iudicia,
2066 866 2143 937 fru-

107 948 144 1025 ln
163 947 326 1023 Ecclesia
348 965 464 1021 motae
485 962 585 1033 sunt,
618 949 803 1040 inquibus
822 952 1014 1020 doctissimi
1033 945 1100 1019 lio-

106 1052 222 1123 mines
240 1075 316 1125 nou
338 1053 460 1123 eodem
481 1054 588 1121 modo
610 1051 737 1141 scripta
757 1048 961 1140 Apostolica
989 1054 1100 1122 inter-

103 1166 312 1249 pretontur,
340 1179 380 1224 ac
401 1154 439 1223 in
462 1150 659 1244 praecipuis
681 1153 836 1221 materiis
859 1154 1030 1223 dissensio
1048 1167 1097 1222 est

105 1256 148 1327 de
170 1253 307 1348 scripto
332 1270 367 1326 et
388 1253 580 1336 sententia,
610 1274 670 1322 seu
695 1248 778 1348 περὶ
799 1254 913 1347 ῥητοῦ
929 1251 993 1327 καὶ
1014 1251 1097 1327 din·

104 1352 227 1437 solae,
266 1369 308 1429 ut
339 1351 549 1428 Rhetoricis·
571 1351 868 1445 appellationibus
896 1372 987 1431 utar.
1048 1354 1097 1428 Ut

103 1456 216 1549 ipsae
237 1458 277 1527 in
299 1458 377 1527 loro
403 1457 517 1547 legum
538 1454 781 1547 interpretatio
805 1480 824 1525 a
849 1454 1014 1551 Principe
1040 1459 1096 1528 vel

101 1556 307 1630 sl’ractore
318 1559 465 1651 petitur:
502 1557 548 1628 ita
565 1557 603 1625 in
625 1557 904 1627 dissensionibus
920 1558 1097 1631 Ecclesia·

102 1658 199 1731 sticis
218 1660 345 1731 dicunt
370 1686 387 1728 a
409 1658 555 1757 Synodo
582 1657 906 1749 interpretationem
931 1662 1094 1752 llagitan-

101 1764 183 1832 darn
208 1786 294 1833 esse.
351 1759 449 1831 Solet
472 1759 579 1853 igitur
601 1759 723 1853 quaeri
749 1761 793 1830 de
815 1759 954 1831 iudiciis
978 1762 1095 1856 Syno-

101 1863 253 1951 dorum,
279 1863 393 1957 qualis
408 1864 456 1935 sit
472 1875 623 1955 potestas
640 1861 897 1953 interpretandi
918 1864 954 1932 in
972 1860 1094 1936 Eccle-

101 1965 171 2047 sia,
198 1964 279 2058 quis
293 1960 423 2035 lrabeat
441 1988 517 2034 eam
536 1976 759 2057 potestatem,
785 1976 820 2034 et
836 1986 882 2035 an
897 1989 1014 2036 errare
1026 1966 1094 2063 Sp·-

100 2065 191 2138 nodi
211 2066 371 2157 possint?
490 2124 495 2133 .

202 2165 371 2259 Propono
395 2165 503 2256 igitur
532 2164 791 2259 quaestionem:
834 2162 914 2248 An,
940 2190 1019 2237 cum
1044 2166 1093 2238 sit

101 2264 141 2339 s's's
161 2254 334 2339 Ecclesia
350 2276 513 2366 poteslas
528 2263 796 2364 1‘nlerpretandi
800 2323 809 2350 ,
833 2268 1092 2367 praecipitasti

97 2360 191 2439 hirec
206 2364 403 2440 tribuendo
417 2360 605 2465 Synodis,
629 2375 661 2436 et
674 2392 725 2436 sn
741 2364 1017 2460 adfirmandum
1032 2373 1092 2459 sil,

98 2464 275 2567 Synodos
292 2466 452 2566 legitime
468 2478 631 2553 coactas,
657 2492 731 2539 non
746 2493 851 2566 posse
856 2469 962 2573 salli
967 2474 984 2543 l

96 2564 100 2569 ¹
200 2572 362 2644 Primum
381 2588 496 2645 autem
513 2572 678 2655 ostendo,
697 2586 901 2663 potestatem
915 2575 1090 2669 intorpre-

98 2676 228 2745 tandae
244 2676 436 2766 scripturae
451 2697 523 2742 esse
538 2674 575 2741 in
596 2668 767 2742 Ecclesia:

146 2774 297 2847 Donum
318 2802 391 2847 non
408 2780 536 2847 frustra
554 2776 659 2845 datur
674 2771 868 2855 Ecclesiae,
902 2779 960 2846 sed
978 2791 1020 2849 ut
1034 2780 1087 2847 di-

202 2878 332 2948 iudicet
350 2892 383 2949 ct
398 2879 541 2948 dirimat
555 2876 824 2947 controversias.

145 2979 193 3053 ln
211 2978 367 3053 Ecclesia
382 2982 517 3049 donum
534 2992 585 3047 est
602 2978 921 3069 interpretationes.

139 3080 244 3173 Ergo
256 3080 291 3153 et
307 3096 467 3172 potestas.

193 3181 333 3267 Deinde
355 3208 435 3251 cum
457 3176 619 3251 Christus
644 3180 797 3251 volucrit
813 3176 1005 3251 Ecclesiam
1024 3210 1085 3256 sua

1151 956 1222 1013 stra
1240 945 1428 1034 promissio
1443 948 1533 1020 lacta
1547 966 1636 1023 esset
1653 956 1825 1045 pluribus.

1250 1042 1343 1115 Cum
1374 1062 1491 1120 autem
1524 1055 1751 1126 nominamus
1784 1055 1998 1150 Ecclesiam,
2042 1091 2142 1137 coiu-

1149 1145 1340 1238 plectimur
1367 1174 1441 1219 non
1473 1151 1568 1223 solos
1599 1155 1802 1244 Ministros,
1840 1167 1902 1255 aed
1926 1166 2029 1236 etiam
2051 1171 2142 1239 alios

1148 1246 1227 1337 pios
1248 1262 1281 1319 et
1303 1252 1441 1321 doctos:
1470 1250 1521 1325 lta
1541 1267 1679 1343 umen,
1705 1275 1745 1331 ut
1770 1260 1950 1351 Ministri,
1976 1269 2142 1362 quisunt

1148 1350 1359 1440 praecipuus
1376 1356 1528 1441 gradm,
1545 1382 1620 1427 non
1639 1362 1881 1441 excludantur.
1931 1366 2139 1443 Absurdum

1147 1451 1324 1533 estenim‚
1352 1456 1504 1544 cogitare
1520 1454 1713 1532 Ecclesiam
1732 1467 1807 1533 sino
1827 1469 2037 1541 ministerio.

1249 1551 1346 1626 Haec
1368 1581 1449 1627 cum
1468 1560 1655 1631 constituta
1673 1579 1777 1651 siint,
1803 1568 1839 1636 in
1855 1566 2012 1642 Ecclesia
2037 1591 2138 1665 pote-

1146 1664 1270 1723 statem
1285 1678 1359 1725 esse
1381 1657 1636 1750 interpretandi
1654 1668 1835 1756 ambigua,
1866 1694 2011 1766 eamque
2026 1680 2137 1766 perti-

1146 1778 1232 1824 nere
1256 1758 1300 1825 ad
1328 1758 1466 1847 plures,
1492 1755 1560 1832 hoc
1582 1778 1651 1849 est,
1680 1770 1723 1835 ad
1748 1769 1930 1863 Synoilos:
1966 1775 2137 1869 Sequitur

1146 1853 1374 1949 Synodorum
1411 1864 1603 1935 sententias
1638 1870 1898 1959 amplectendas
1924 1899 2016 1962 esse,
2055 1894 2135 1948 tan-

1146 1981 1252 2050 quam
1270 1975 1400 2045 certas,
1428 1976 1462 2035 et
1478 1988 1552 2033 non
1570 1966 1839 2048 labefactandas.
1879 1974 2023 2048 Frustra
2038 1982 2133 2051 enim

1146 2073 1233 2129 essct
1259 2076 1412 2151 potestas
1432 2066 1511 2135 data
1535 2067 1736 2155 iudicandi,
1768 2075 1798 2143 si
1824 2076 1942 2148 liceret
1964 2098 2133 2172 perpetuo

1143 2161 1332 2236 adversari.
1384 2164 1491 2236 Nulla
1512 2182 1564 2241 est
1588 2172 1732 2261 politia,
1758 2175 1881 2269 inqua
1908 2184 2044 2254 nonsit
2063 2185 2131 2253 ali·

1143 2285 1212 2353 qua
1231 2287 1297 2332 vox
1315 2263 1432 2351 legum
1449 2266 1622 2358 interpres
1637 2271 1866 2353 inviolabilis.
1906 2279 1945 2352 Si
1966 2307 2004 2350 ea
2023 2286 2132 2355 maie·

1142 2378 1212 2433 stas
1235 2364 1405 2438 tribuitur
1426 2368 1605 2461 imperiis,
1634 2375 1718 2466 quia
1746 2380 1919 2451 divinitus
1941 2387 2130 2459 constituta

1142 2480 1243 2546 sunt,
1278 2480 1313 2537 et
1334 2466 1431 2539 Deus
1455 2471 1568 2544 voluit
1591 2471 1837 2564 Magistratum
1871 2478 1935 2553 hac
1961 2499 2130 2574 potestate

1143 2568 1324 2638 iudicandi
1340 2572 1516 2643 munitum
1540 2597 1629 2645 esse:
1663 2576 1739 2649 Cur
1759 2606 1831 2652 uon
1847 2580 2003 2657 Ecclesia
2019 2592 2129 2679 magis

1141 2664 1289 2741 liaberet
1305 2674 1527 2745 autoritatem
1545 2676 1812 2769 inviolabilem,
1845 2711 1935 2780 quae
1950 2689 2054 2779 longe
2070 2716 2130 2763 su-

1141 2784 1238 2859 perat
1256 2769 1406 2863 lniperia
1422 2778 1624 2849 maiestate?
1673 2779 1836 2879 Denique
1850 2810 2016 2861 concussa
2034 2792 2129 2887 Syn·

1140 2873 1290 2942 odorum
1330 2879 1536 2959 autoritate,
1580 2895 1614 2953 et
1654 2886 1812 2958 refractis
1847 2883 1901 2959 his
1942 2897 2128 2983 repagulis,

1140 2978 1318 3064 quomodo
1341 2978 1535 3068 petulantia
1553 2985 1779 3071 ingeniorum
1800 2993 1953 3061 cudi-ceri
1976 2998 2129 3084 poterit?

1138 3072 1269 3145 Nullus
1298 3078 1336 3146 in
1367 3076 1522 3151 Ecclesia
1550 3086 1766 3159 seditionum
1797 3090 1877 3160 finis
1905 3094 1988 3179 erit,
2021 3096 2050 3165 si
2075 3123 2126 3185 ea,
2217 3092 2224 3105 ’

1139 3201 1229 3267 quae
1252 3193 1406 3252 vetustas
1420 3205 1557 3254 summa
1580 3188 1750 3276 gravitate
1767 3192 1938 3279 decrevit,
1963 3198 2124 3269 cavillari

95 3280 226 3357 babere
241 3285 371 3354 iudicia
387 3288 431 3353 de
446 3283 627 3365 doctrina,
653 3296 745 3352 certe
762 3284 912 3352 armavit
928 3308 1004 3353 eain
1021 3312 1086 3377 po·
1137 3278 1269 3353 licebit.
1312 3281 1449 3352 Multae
1461 3300 1544 3356 sunt
1559 3311 1701 3375 causae,
1721 3316 1811 3384 quae
1825 3295 1949 3365 deletis
1964 3312 2125 3370 veterum

96 3400 223 3459 testate
233 3386 363 3480 aliqua.
388 3416 391 3421 ·
415 3384 522 3473 Quod
543 3398 659 3454 autem
683 3378 768 3451 baec
783 3396 935 3473 potestas
950 3388 1085 3475 praeci-
1137 3380 1347 3449 testimoniis
1370 3406 1517 3473 magnos
1537 3405 1679 3478 possent
1694 3393 1868 3465 tumultus
1889 3400 2057 3487 excitare,
2082 3416 2122 3474 ut

95 3512 161 3581 pue
177 3487 366 3560 tribuenda
380 3486 428 3556 sit·
440 3486 612 3581 Synodis,
634 3485 683 3554 sic
698 3487 863 3554 ostendo:
890 3483 1084 3559 Promissio
1136 3482 1292 3571 quaestio
1309 3486 1353 3553 de
1368 3484 1545 3557 infantum
1554 3486 1756 3583 Baptismo,
1770 3496 1815 3564 cle
1827 3495 1962 3580 Verbo,
1979 3498 2076 3577 loan.
2092 3508 2122 3593 t,

93 3590 183 3663 laets
208 3602 261 3661 est
279 3612 354 3658 non
374 3588 440 3658 uni
460 3602 520 3658 aiut
543 3587 709 3677 singolis,
740 3587 799 3653 sed
816 3586 937 3657 multis
955 3612 1082 3659 conve.
1135 3604 1180 3649 an
1203 3583 1374 3671 significet
1396 3611 1600 3677 personam,
1625 3607 1660 3666 et
1686 3596 1874 3691 pleraeque
1896 3600 1997 3675 aliae.
2050 3605 2122 3675 Va-

93 3691 292 3777 nientibus,
318 3690 408 3763 sicut
422 3689 591 3780 scriptum
610 3701 677 3757 est:
704 3687 917 3782 Ubicunque
934 3691 1004 3760 duo
1022 3706 1082 3761 aut
1134 3682 1202 3752 leot
1224 3683 1334 3773 igitur
1358 3686 1394 3754 in
1411 3683 1567 3761 Ecclesia
1590 3718 1709 3764 rerum
1727 3697 1962 3773 iudicatarum
1986 3708 2121 3777 autori·

93 3808 160 3869 tres
181 3806 286 3865 erunt
309 3792 508 3881 congregati
534 3787 570 3857 in
594 3790 738 3859 nomine
760 3813 859 3875 meo,
900 3790 937 3858 in
963 3792 1080 3861 media
1133 3798 1195 3853 tas.
1255 3783 1498 3876 Agnoscamus
1520 3796 1792 3887 promissiones,
1824 3827 1914 3895 quae
1938 3821 2119 3893 testantur,

92 3920 213 3971 comm
230 3918 321 3970 sum.
361 3894 527 3989 Synodus
542 3906 592 3962 est
608 3874 689 3962 talis
705 3886 910 3979 congressus
924 3892 1079 3982 plurium
1132 3887 1272 3973 plorum
1295 3913 1501 3980 congressus
1522 3910 1556 3966 et
1578 3896 1710 3969 iudicia
1727 3904 1916 3989 gubernari
1935 3908 2118 3987 divinitus.

92 4000 251 4095 piorum,
276 4009 311 4067 et
332 3997 534 4089 praesertim
559 3992 779 4062 docentium:
815 3987 910 4081 Ergo
928 4007 1079 4083 potestas
1129 3984 1250 4058 Discat
1280 3993 1452 4083 populus,
1485 4000 1717 4071 reverentiam
1748 4000 1945 4088 Ecclesiae,
1980 4023 2012 4079 et
2045 4012 2117 4083 illis

92 4100 148 4175 illa
193 4122 299 4193 quam
311 4095 496 4190 promissio
513 4095 713 4180 confirmat,
735 4093 888 4165 maxime
902 4097 944 4164 ad
961 4092 1078 4191 Syno-
1130 4090 1271 4181 piorum
1301 4095 1486 4165 doctorum
1519 4101 1764 4189 congressibus
1791 4104 1930 4190 deberi,
1966 4112 2028 4203 qui
2058 4112 2116 4181 in-

92 4154 174 4279 pun:
191 4192 353 4293 pastinat,
1127 4192 1292 4278 gentibus
1313 4198 1565 4269 certaminibus
1586 4202 1820 4273 defenderunt
1844 4208 2028 4281 coelestem
2049 4216 2115 4281 do-

189 4298 329 4374 Deiude
352 4296 515 4372 Christus
537 4296 730 4368 Ecclesiam
756 4298 868 4368 voluit
887 4321 960 4367 esse
981 4298 1076 4371 iudi·
1127 4294 1289 4368 ctriuam.
1330 4293 1425 4367 Haec
1442 4312 1526 4371 sunt
1542 4302 1643 4371 utilia
1660 4307 1907 4397 tranquillitati
1922 4315 2115 4388 communi.

92 4432 181 4490 rem,
208 4431 288 4479 cum
314 4404 379 4475 ait:
413 4399 479 4471 Dic
494 4398 681 4474 Ecclesiae.
733 4397 780 4471 Et
796 4398 928 4471 Paulus
942 4401 1074 4496 inquits
1126 4393 1216 4465 Nom
1232 4392 1393 4489 ἇναρχία
1416 4401 1508 4490 parit
1520 4415 1680 4474 aeternas
1694 4407 1978 4497 dilacerationes,
2002 4428 2036 4483 et
2052 4440 2109 4485 va·

92 4505 223 4589 laeteri
245 4504 453 4581 diiudicent.
511 4499 632 4590 Quare
648 4515 798 4593 potestas
813 4501 998 4593 praecipua
1023 4518 1074 4575 est
1125 4496 1277 4567 nitatem
1292 4496 1566 4577 Ecclesiam..
1864 4610 1873 4628 ι

91 4568 108 4689 l
128 4608 233 4691 nodi.
282 4604 330 4680 Et
347 4632 427 4676 cum
443 4604 591 4692 probata
607 4606 824 4675 cousuetudo
839 4605 885 4674 sit
899 4628 1022 4674 norma
1038 4620 1072 4678 et
1223 4597 1495 4671 Consideremus
1518 4619 1552 4675 st
1568 4608 1724 4699 exempta
1738 4606 1995 4730 Ecclesiam,
2021 4641 2111 4709 quaa

91 4642 258 4808 ¹altas-pres
279 4709 386 4793 iuris,
417 4707 601 4776 videamus
627 4706 780 4797 purioris
801 4702 979 4776 Ecclesiae
993 4732 1070 4777 nio·
1122 4723 1219 4769 nunc
1240 4703 1445 4774 emendatae
1465 4719 1561 4777 sunt.
1616 4706 1659 4778 ln
1680 4704 1736 4779 liis
1751 4712 1878 4781 iudicia
1894 4733 2111 4805 exercentur,

91 4844 171 4891 w,
218 4812 264 4885 ιη
287 4807 386 4882 Acci,
408 4832 482 4899 cap,
502 4802 559 4879 15,
581 4832 661 4877 cum
685 4807 854 4877 ,tiasensio
876 4820 953 4877 oria
969 4824 1068 4889 esaei,
1121 4804 1343 4893 quaestiones
1381 4806 1424 4875 ad
1464 4821 1585 4879 coetus
1627 4811 1853 4881 eniditorum
1886 4815 2108 4933 deferuntur.

91 4880 369 5006 'lg-abrogatione
386 4909 491 5000 legis,
515 4908 706 4979 mittuntur
722 4908 842 5000 Legati
859 4911 903 4977 ad
914 4902 1068 4999 Aposto.
1119 4898 1258 4974 Horum
1282 4907 1465 4978 sententiis
1481 4910 1586 4981 etiam
1604 4909 1642 4981 in
1661 4913 1767 4983 rebus
1789 4914 2107 4991 obariirisauscul·

91 5000 142 5099 os,
193 5015 248 5089 Hi
265 5024 462 5087 convocant
482 5023 516 5079 et
528 5034 630 5079 suom
647 5010 850 5100 collegium,
882 5008 915 5079 et
931 5022 1066 5083 exteros
1117 5017 1193 5075 tani
1214 5002 1401 5127 Ecclesiae.
1656 5114 1666 5133 ο
1925 5118 1934 5135 ι

92 5124 254 5198 eniores,
288 5130 328 5186 ut
359 5115 451 5183 inter
477 5113 581 5181 sede
613 5135 651 5178 re
672 5125 766 5181 tanta
799 5111 1063 5186 constituerent.
1215 5106 1285 5179 seo
1312 5112 1458 5228 quidam
1479 5123 1601 5181 contra
1626 5115 1821 5206 disputant.
1856 5114 2105 5239 ‘Pr-ispumsa-

91 5226 146 5299 tae
161 5226 209 5295 de
220 5218 328 5297 unitis
342 5214 535 5297 sententia,
560 5213 622 5282 sed
640 5212 769 5283 iudicio
783 5214 998 5300 multorum,
1024 5240 1062 5285 re
1113 5220 1232 5281 tentus
1244 5204 1431 5283 Ecclesiae
1445 5216 1651 5335 mandatum
1675 5239 1768 5302 esse,
1793 5230 1832 5289 ut
1853 5221 1985 5289 iudicia
2003 5244 2104 5291 exer·

90 5330 220 5425 ginta,
242 5323 421 5393 decretum
435 5319 640 5389 factumest.
679 5311 1059 5409 Huncmorempostea
1109 5325 1202 5397 caat,
1228 5315 1288 5383 sed
1305 5314 1461 5402 addunt,
1485 5320 1650 5389 traditam
1665 5343 1740 5391 essa
1752 5320 1884 5414 legem,
1904 5346 2008 5419 aqua
2024 5346 2100 5399 nois
