1467 1596
223 111 271 130 lon

223 154 270 175 Dei,
283 152 411 175 Evangelium,
424 155 516 175 praecepta
529 150 656 174 Philosophica
667 155 685 170 et
697 152 723 169 oi-

223 180 266 197 vilia
278 179 300 196 de
313 178 403 199 moribus,
416 177 523 195 diiudicabit
534 181 589 195 sectos
604 176 723 201 Philosopho-

224 211 275 226 rum,
288 207 305 221 et
312 203 410 221 illustrabit
417 199 508 226 praecepta
516 203 606 225 exemplis.

276 229 301 247 Hi
313 229 373 246 decem
386 228 468 246 Lectores
482 229 518 246 sint
529 227 628 251 Collegium
640 227 724 245 Philoso-

225 254 304 279 phicum,
312 255 360 277 quod
369 257 443 272 vocatur
447 253 546 277 Collegium
554 253 642 271 facultatis
647 253 725 275 Artium,

226 284 243 298 et
259 280 359 303 gubernent
373 279 475 302 linguarum
491 283 508 297 et
519 278 646 302 Philosophiae
661 279 725 300 studia,

226 305 317 324 communi
329 305 389 322 animo
397 308 414 322 et
422 305 508 326 consilio,
521 305 577 322 multa
586 305 633 322 euim
643 304 725 322 incidunt

227 337 272 355 quae
284 331 306 348 ab
319 336 355 348 uno
366 333 419 353 atque
428 331 484 348 altero
499 330 583 348 sustineri
595 333 632 347 non
646 333 725 353 possunt.

227 356 342 379 Exploranda
351 359 393 373 sunt
402 355 499 373 iuventutis
507 356 575 377 studia,
587 356 663 378 regenda
672 355 725 373 disci-

227 382 286 404 plina,
303 381 325 398 ad
340 380 383 398 haec
394 381 492 398 multorum
504 381 633 399 deliberatione
646 384 663 398 et
676 377 725 398 com-

228 407 349 425 municatione
358 406 430 431 *consilii
442 410 459 424 et
467 412 561 429 operarum
572 412 617 429 opus
625 410 656 424 est.
683 406 725 424 Ideo

228 439 281 450 nemo
292 432 315 450 sit
325 431 390 449 Lector
404 431 422 448 in
435 430 467 449 hac
479 432 570 453 facultate,
587 432 617 455 qui
630 438 667 449 non
678 432 726 449 volet

229 457 283 476 huius
296 457 372 479 Collegii
383 463 423 480 pars
435 463 477 475 esse.
509 456 533 475 Et
545 456 564 474 hi
576 458 635 475 decem
644 457 726 475 Lectores

229 484 327 505 adiungunt
338 482 373 500 sibi
390 482 450 505 plures
462 483 564 504 magistros.
581 489 658 504 quornm
668 488 727 500 mores

230 512 273 526 sunt
284 507 363 528 honesti,
376 510 394 525 et
402 507 478 525 eruditio
486 507 557 524 videtur
569 506 609 524 usui
618 507 655 524 sore
667 508 727 529 reipu-

229 534 290 552 blicae.
311 533 332 550 ln
340 533 451 550 consessibus
461 536 519 550 autem
529 532 606 555 publicis
613 535 630 549 et
639 532 658 549 in
665 532 727 549 ‹licen-

229 560 252 577 da
266 559 353 576 sententia
366 558 440 576 cuilibet
456 558 505 575 locus
518 564 539 575 eo
553 558 616 575 ordine
631 558 727 578 tribuatur,

230 590 282 608 quem
294 584 368 606 singulis
379 587 459 606 tempora
469 583 535 606 quibus
545 583 603 600 ornati
618 586 660 600 sunt
671 583 727 605 gradu

230 609 336 632 magisterii,
347 609 455 627 attribuunt.

444 649 517 672 Tun-I

280 685 326 704 Cum
333 684 363 703 hit
368 683 505 707 Philosophicus
513 687 573 702 coetus
580 684 633 702 etiam
642 689 683 707 pars
691 689 727 701 esse

231 712 294 730 debeat
305 711 394 729 Ecclesiae
407 710 450 730 Dei,
466 710 549 727 volumus
565 715 626 727 omnes
637 709 668 733 qui
683 709 728 726 reci-

231 738 305 761 piuntur
314 737 333 753 in
341 735 374 753 hoc
383 735 492 758 Collegium,
505 735 588 757 amplecti
597 741 659 758 puram
667 734 728 752 Evan-

232 763 272 786 gelii
284 762 393 782 doctrinam,
409 767 461 785 quam
471 760 549 778 Ecclesia
562 764 630 781 nostra,
643 766 679 777 uno
691 760 728 783 spi-

231 789 268 806 ritu
279 791 296 806 et
307 793 343 805 nna
354 793 397 804 voce
405 793 445 804 cum
457 785 535 804 Ecclesia
545 785 577 803 Dei
585 785 675 804 Catholica
686 791 727 808 pro—

232 815 297 832 fitetur.
323 813 425 835 Agnoscam
433 812 496 833 Deum,
509 815 526 829 et
533 811 600 829 Filium
609 812 652 832 eius,
664 811 728 829 Domi-

232 845 276 857 num
291 842 372 856 nostrum
389 837 446 855 lesum
462 836 563 858 Christum,
580 841 597 854 et
613 837 637 855 ita
653 837 728 854 doceant

232 863 377 887 Philosophiam,
394 867 415 881 ut
435 869 471 880 non
492 866 607 885 corrumpant
628 862 727 880 doctrinam

232 889 335 913 Evangelii,
352 895 384 906 nec
396 892 426 906 ant
437 888 538 906 curiositate
552 891 582 906 aut
593 887 691 910 petulantia
700 888 728 904 in-

232 916 324 939 geniorum
331 918 397 935 serant,
408 918 438 932 aut
445 914 527 937 probent,
536 917 566 931 aut
574 913 674 934 defendant,
686 919 728 936 pro-

232 941 299 965 phanas
312 940 404 963 opiniones
419 939 555 957 coiitumeliosas
568 939 651 957 adversus
664 938 728 959 Deum,

232 970 252 984 ut
260 966 312 984 multi
324 966 343 983 in
354 965 449 989 gymnasiis
459 965 533 982 aliarum
545 964 633 987 gentium,
648 963 680 981 hac
692 970 727 981 una

233 998 252 1010 re
264 990 356 1015 prohiberi
368 991 431 1008 volunt
438 989 554 1012 Philosophi,
566 990 607 1013 quia
619 990 677 1007 ausint
683 988 728 1013 Epi-

233 1024 284 1036 curea
296 1020 325 1034 aut
338 1016 382 1034 alios
394 1016 462 1033 furores
474 1016 579 1037 defendere,
598 1016 644 1033 hane
656 1021 728 1038 perver-

233 1042 302 1061 sitatem
315 1041 457 1064 indignissimam
467 1039 594 1064 Philosophia,
609 1042 688 1058 modesta
700 1041 728 1057 in-

234 1068 344 1091 vestigati-ite
353 1067 439 1087 veritatis,
453 1073 489 1084 non
502 1066 621 1084 tolerabimus.
647 1066 683 1084 Sed
691 1072 728 1083 me>-

234 1094 319 1111 minerint
339 1092 424 1110 honestae
444 1096 512 1110 mentes
533 1092 586 1109 etiam
606 1092 629 1109 ah
647 1090 728 1109 Ethnicis

233 1115 353 1137 dictum'esse:
366 1118 427 1142 ἔχθρα
435 1116 493 1142 σοφία
502 1116 602 1141 λοιδορῆσαι
610 1116 670 1135 wear.
690 1116 728 1134 lmo

234 1151 276 1162 vero
290 1145 364 1162 audiant
375 1150 435 1161 vocem
448 1143 481 1161 Dei
494 1146 586 1161 sonantem
598 1143 621 1161 de
634 1143 692 1164 coelo,
708 1149 728 1160 ac

234 1171 381 1193 praecipientem,
401 1173 421 1187 ut
437 1169 503 1190 filium,
520 1169 612 1186 docentem
629 1168 727 1186 audiamus.

234 1196 293 1214 Huius
304 1195 402 1213 doctrinam
415 1195 500 1218 prolatam
511 1200 532 1212 ex
543 1194 583 1212 sinu
590 1194 657 1211 aeterni
668 1194 728 1217 patris,

235 1225 252 1239 et
262 1222 383 1239 confirmatam
396 1224 423 1238 tot
435 1220 534 1238 illustribus
546 1220 650 1237 testimoniis
662 1220 728 1242 ample-

234 1251 311 1267 ctamur,
328 1250 346 1264 et
361 1246 473 1269 praecipuam
486 1246 576 1263 rectricem
591 1245 696 1268 opinionum
711 1249 728 1263 et

234 1273 280 1290 vitae
288 1278 325 1289 esse
332 1273 426 1292 ducamus,
438 1275 455 1289 et
464 1272 554 1289 frenemus
561 1271 641 1294 ingenia,
653 1274 673 1288 ut
681 1270 728 1288 Pau-

235 1298 262 1316 lus
275 1298 340 1321 inquit:
359 1295 524 1320 αἰχμαλωτίζοντες
535 1297 574 1314 πᾶν
584 1295 646 1320 νόημα
657 1296 682 1316 εἰς
693 1295 728 1319 τὴν

234 1322 319 1346 §naveis-11
329 1324 363 1341 τυῦ
372 1323 456 1346 χριστοῦ,
483 1321 536 1339 Amet
546 1322 599 1339 etiam
608 1326 625 1339 et
634 1325 729 1339 veneretur

207 1369 211 1371 ¹
233 1349 263 1367 hie
275 1352 334 1367 coetus
341 1348 438 1366 Ecclesiam
450 1351 467 1366 et
477 1348 569 1365 ministros
576 1346 678 1370 Evangelii,
695 1353 727 1364 nec

233 1375 303 1392 studeat
311 1373 424 1399 ζυγομαχεῖν
431 1377 449 1391 et
456 1374 479 1391 ab
487 1373 512 1390 eis
519 1373 617 1394 dissentire,
630 1373 660 1390 sed
669 1373 727 1395 potius

234 1403 304 1418 tueatur
320 1405 432 1418 communem
449 1398 537 1417 Ecclesiae
553 1399 669 1416 concordiam.
699 1398 727 1416 Sit

470 107 628 132 ALLOQUtA
643 107 683 127 ΕΤ
698 107 817 127 BREVES
833 107 1011 128 CONCIONES.

1198 109 1253 128 ²012

748 151 778 169 hie
795 155 855 170 coetus
871 150 1009 175 Philosophicus
1027 150 1122 170 honestum
1138 151 1251 175 Collegium,

748 177 786 195 Deo
797 177 875 195 serviens
886 177 905 195 in
918 177 1011 195 literarum
1023 181 1040 195 et
1054 178 1130 198 artium,
1146 183 1193 201 quae
1205 181 1251 196 suut

749 203 796 220 dona
803 202 847 223 Dei,
860 206 878 221 et
886 209 914 221 res
921 203 1079 223 sacrae‚,custodia
1090 206 1107 221 et
1115 203 1251 226 propagatione,

749 235 787 246 non
798 228 821 246 sit
830 235 893 251 agmen
901 228 999 251 Gigantum
1009 232 1039 246 aut
1045 228 1155 252 Cydopnm,
1167 229 1251 246 furenter

750 254 813 272 ludens
821 254 909 276 lingendis
920 254 1047 277 opinionibus,
1060 254 1106 272 sicut
1113 253 1200 276 Gigantes
1209 260 1251 272 eer-

750 280 812 297 tahant
823 280 935 297 cumulandis
947 279 1045 298 montibus.
1071 279 1110 297 lmo
1120 279 1177 297 sciant
1186 278 1205 297 hi
1214 279 1250 297 Le-

750 308 810 323 ctores
814 311 864 323 suain
873 305 1019 328 gubernationem
1029 308 1046 323 et
1053 305 1111 323 studia
1118 311 1155 322 non
1164 305 1203 322 sore
1210 305 1250 322 soe—

750 331 800 352 licia,
810 331 849 348 sine
857 331 948 353 agnitione
955 334 973 348 et
980 336 1020 348 vera
1029 330 1142 348 invocatione
1149 330 1193 351 Dei,
1206 331 1250 354 quia

751 355 828 373 humana
836 356 922 379 sapientia
930 355 965 373 nisi
977 359 1048 378 regatur
1056 359 1074 373 et
1081 356 1177 373 adiuvetur
1184 362 1194 373 a
1203 356 1250 377 Deo,

751 381 802 399 facile
809 382 887 403 deerrat,
900 385 917 399 et
928 387 979 404 saepe
988 381 1030 399 totis
1041 382 1124 403 gentibus
1135 381 1210 399 exitialis
1219 385 1250 398 est.

752 407 794 424 ldeo
805 407 874 425 dictum
887 410 922 425 est:
944 406 1018 424 Initium
1032 407 1128 430 sapientiae
1142 407 1196 424 timor
1209 406 1250 424 Dei.

750 432 820 450 Deinde
829 436 846 451 et
853 431 887 450 hm:
898 432 954 450 sciant
962 438 980 450 se
988 438 1025 450 non
1034 432 1093 450 solum
1105 432 1165 450 literas
1177 435 1195 449 et
1202 435 1250 449 artes

751 464 859 481 proponere,
872 458 903 475 sed
910 458 964 476 etiam
972 458 1048 475 invitare
1055 458 1119 475 debere
1128 458 1219 475 auditores
1227 458 1250 475 ad

752 484 860 506 agnitionem
868 483 912 505 Dei,
924 487 942 501 et.
949 484 1018 501 tradere
1025 483 1134 504 rudioribus,
1147 481 1250 506 κατήχησιν

751 508 855 530 Ενιηςεῐίἰι
862 512 880 526 et
887 509 943 526 multa
953 508 972 525 in
981 509 1058 526 materiis
1066 507 1199 531 Philosophicis
1210 515 1250 525 mo-

752 538 793 550 nere
800 533 823 550 de
829 532 924 550 collatione
931 532 1062 554 doctrinarum,
1074 533 1116 557 quia
1126 533 1144 550 in
1153 539 1172 550 re
1181 537 1250 556 partem

752 558 829 581 aliquam
839 557 957 575 Ecclesiastici
970 558 1051 576 muneris
1063 559 1161 579 sustinent,
1178 562 1196 576 et
1207 562 1251 576 sunt

752 582 840 608 συνεγροὶ
849 583 903 602 θεοῦ.
928 582 1002 601 Necesse
1013 587 1039 601 est
1049 583 1104 606 igitur
1111 584 1159 607 ipsos
1166 584 1251 602 Lectores

752 612 770 626 et
782 615 822 626 vere
835 608 892 626 colere
902 608 972 629 Deum,
988 611 1006 626 et
1019 609 1064 626 tueri
1074 609 1164 627 Ecclesiae
1174 615 1251 627 concor-

752 634 806 651 diam.
832 634 852 652 Si
865 634 906 657 qnis
917 637 976 651 autem
990 634 1088 653 ostenderit
1098 641 1116 652 se
1128 634 1250 659 ζυγομαχεῖν,

752 658 802 677 hunc
809 659 891 677 nannu-
901 659 974 677 Rectori
982 658 1088 676 Academiae
1098 660 1175 682 indicet,
1187 664 1204 678 et
1212 660 1251 678 Re-

753 688 800 705 ntor,
811 691 830 703 re
841 685 934 709 inquisita,
945 684 1008 708 puniri
1015 687 1033 702 et
1044 683 1134 702 coherceri
1142 689 1198 704 curet.

962 718 1043 740 Quam.

803 746 831 765 Ex
845 747 887 770 ipsis
902 747 974 770 collegi-s
987 747 1068 771 quolibet
1082 747 1162 765 semestri
1175 748 1252 771 eligatur

753 773 844 794 Decanus,
856 773 886 796 qui
897 776 1000 795 potestatem
1012 771 1077 790 habeat
1087 774 1199 791 convocandi
1210 780 1251 791 cae-

754 802 810 818 teros,
826 798 939 821 proponendi
954 804 982 816 res
996 798 1129 819 deliberandas,
1145 802 1162 816 et
1173 800 1251 822 rogandi

753 824 861 846 sententias,⁴
876 827 893 841 et
907 824 955 841 dicat
969 824 1037 847 primus
1051 824 1167 845 sententiam,
1185 825 1251 842 deinde

754 855 795 867 vero
806 849 916 872 obtemperet
928 849 955 866 illi
966 849 1074 870 sententiae,
1086 855 1132 872 quae
1142 849 1191 868 dicta
1202 854 1228 868 est
1241 857 1251 868 a

754 875 817 892 maiori
832 878 890 898 parte,
908 880 961 898 quam
976 875 995 892 iu
1007 874 1088 897 Collegio
1099 875 1189 892 honorum
1202 876 1251 893 viro-

753 907 803 920 rum,
816 904 834 918 et.
843 906 881 917 non
892 906 965 923 prorsus
976 900 1100 923 imperitorum
1112 901 1201 918 veriorem
1214 907 1250 919 esse

754 929 891 943 consentaneum
904 929 934 944 est.
968 925 988 943 si
1000 925 1040 949 quis
1051 928 1110 943 autem
1122 927 1252 944 contumaciter

754 952 838 969 detrectat
847 951 959 969 autoritatem
967 950 1034 968 Deeani
1043 951 1062 968 in
1070 951 1173 973 vocatione,
1186 952 1201 969 is
1209 952 1251 975 quia

754 976 851 994 contemnit
858 975 911 994 huius
916 975 992 999 Collegit
999 976 1109 997 societatem,
1120 977 1205 1000 deinceps
1215 984 1251 995 non

741 1006 743 1008 ’
754 1003 829 1020 ducatur
836 1008 873 1019 esse
880 1002 979 1019 membrum
989 1001 1042 1019 hnius
1050 1001 1131 1024 Collegii.
1157 1001 1251 1020 Gustu-fiat

754 1027 807 1045 etiam
818 1027 900 1046 Decanus
914 1027 990 1047 librum,
1006 1027 1025 1044 iu
1040 1033 1076 1051 quo
1091 1028 1137 1050 leges
1148 1031 1165 1045 ct
1176 1029 1250 1045 nomina

754 1059 815 1071 eorum
829 1053 895 1076 quibus
910 1053 1031 1070 decernuntur
1044 1053 1108 1075 gradus
1120 1053 1175 1071 scribi
1187 1054 1250 1074 solent,

754 1082 772 1096 et
782 1078 870 1101 sigillum,
882 1082 900 1096 et
910 1077 962 1096 curel
967 1079 1013 1096 bona
1021 1078 1055 1095 fide
1063 1079 1165 1096 testimonia
1172 1079 1212 1096 dari
1221 1086 1250 1102 pr-

755 1104 839 1122 tentibus.

806 1128 900 1152 Eligantur
907 1132 965 1147 autem
973 1128 1039 1147 Decani
1045 1141 1050 1149 ‚
1063 1135 1099 1148 non
1109 1132 1178 1147 tamum
1187 1129 1251 1148 Lectt»

754 1161 782 1173 res
788 1169 793 1176 ,
805 1155 835 1172 sed
844 1155 897 1173 etiam
903 1154 966 1172 caeteri
975 1154 1054 1177 magistri
1061 1155 1091 1178 qui
1099 1155 1118 1172 in
1126 1153 1160 1172 hoc
1169 1154 1250 1179 Collegio

754 1180 842 1204 adscripti,
851 1184 901 1202 sunt,
915 1181 930 1198 si
941 1184 1000 1198 tamen
1013 1186 1033 1198 eo
1046 1184 1124 1204 tempore
1135 1187 1175 1198 eum
1187 1181 1207 1199 lit
1216 1182 1251 1199 ele-

754 1206 789 1224 etio
799 1206 817 1223 in
827 1205 860 1224 hac
867 1205 962 1224 Academia
971 1209 1072 1226 versantur,
1085 1212 1118 1223 nec
1126 1211 1224 1225 accurrunt
1232 1210 1251 1225 ut

753 1231 832 1255 hospites
839 1238 880 1249 mox
887 1235 927 1254 post
934 1231 1055 1254 magistratum
1062 1231 1154 1250 avolaturi.
1176 1231 1201 1250 Et
1207 1233 1250 1250 ordo

754 1261 840 1279 servetur,
852 1264 888 1281 quo
896 1257 984 1280 adscripta
991 1261 1032 1275 snnt
1040 1263 1102 1275 eornm
1108 1257 1189 1276 nomina.
1215 1258 1250 1276 Sed

754 1283 769 1301 si
778 1283 838 1307 aliqua
851 1283 936 1306 temporis
946 1283 992 1300 ratio
1000 1283 1097 1306 postularet
1104 1283 1193 1301 seniorem
1203 1283 1250 1307 eligi,

754 1308 777 1326 sit
784 1307 818 1326 hoc
824 1308 905 1331 Collegio
912 1314 1022 1326 concessum.

983 1345 1045 1360 uinta.

803 1372 885 1390 Decanus
895 1372 917 1389 de
923 1343 998 1395 Coniugii
1010 1372 1097 1390 sententia
1108 1371 1161 1390 horas
1170 1376 1187 1390 et
1196 1377 1251 1391 mate-

753 1398 788 1416 rias
800 1398 896 1416 lectoribus
907 1397 1010 1419 distribuat,
1026 1402 1043 1416 et
1053 1398 1076 1416 sit
1087 1398 1178 1421 inspector
1188 1399 1250 1417 lectio-
