4546 5760
94 133 170 227 ΒΜ
250 122 266 133 ’
334 124 336 137 ’
820 130 1147 223 ctauruun
1199 137 1414 219 mnan
2045 167 2133 257 m

94 299 143 375 At
159 298 326 399 quamvis
340 300 447 381 nrbes
462 297 583 381 fatalia
602 311 761 392 tempora
770 314 928 395 migrant,
1136 304 1203 381 No.
1221 308 1308 382 261.
1890 333 1973 414 (ξοδ.
1989 262 2128 425 Ἠῶ

143 399 194 477 Et
211 390 351 474 ioelum
368 403 482 495 patria
503 415 556 473 est
570 402 675 472 unica
691 402 790 470 firma
805 403 889 493 piis:
1136 404 1308 431 Μ
1910 429 2122 472 Q

94 504 164 578 Hie
177 506 245 576 ubi
267 527 410 598 semper
429 507 497 575 erit
511 503 605 580 Deus
617 504 737 580 oruuia
756 504 792 572 in
807 506 973 578 omnibus
987 507 1095 595 idem,
1206 508 1289 578 aput
1305 507 1431 567 vineant
1450 531 1476 583 p.
1492 512 1586 588 ttssq.
1761 506 1767 513 ’

145 609 243 679 Luce
257 629 321 678 sua
336 620 474 677 mentes
490 605 694 699 iustitiaque
711 607 867 696 replens:
1427 675 1436 693 ,

94 708 259 783 Motibus
274 709 315 778 in
324 706 440 781 tantis
455 721 574 778 umen
590 701 676 777 baec
692 707 833 798 Argelia
847 722 964 796 restat,
1289 673 1335 740 m
1349 669 1530 764 ‘'Pl'‘dum
1543 685 1580 749 θ’
1593 697 1722 752 “wem
1741 687 1973 781 ΤοΥθθΜθΜ·

142 811 307 882 Possidet
322 824 356 880 et
372 811 480 880 decus
495 801 564 878 hoc
576 809 623 878 de
640 809 797 879 bonitate
808 806 890 881 Dei.
994 859 996 863 v
1139 795 1244 870 Unde
1259 800 1304 874 sit
1321 798 1404 873 huic
1421 808 1521 886 urbi,
1547 834 1711 902 quaeres,
1736 811 1878 908 Argelia
1898 846 2039 914 nomeu,

94 911 174 985 Lux
187 910 377 1003 Evangelii
393 913 489 1006 quod
505 909 544 979 in
562 910 627 979 ista
644 913 820 999 spargitur
833 914 936 997 urbe,
1189 899 1296 990 Quod
1314 909 1358 974 de
1374 902 1557 979 Phoebaea
1577 910 1726 984 Graecia
1748 918 1824 988 ltlce
1838 902 1983 994 trahil?

114 1104 118 1109 Ι
141 1013 238 1088 Cum
251 1039 321 1108 qua
340 1036 480 1103 semper
492 1014 591 1082 adest
608 1011 722 1081 Filius
735 1010 902 1102 ipsedlei.
1136 1000 1187 1075 Ut
1203 1005 1356 1098 reliquas
1371 1010 1489 1080 stellas
1503 1011 1651 1102 fulgenti
1669 1018 1804 1088 lumine
1819 1023 1941 1110 vincit,

94 1112 201 1191 lstius
216 1110 389 1186 bieurbis
403 1114 467 1186 Sol
483 1125 552 1198 est,
579 1108 637 1183 bie
650 1113 787 1204 colligit
800 1136 938 1202 agmen,
1188 1103 1290 1176 Uuus
1307 1120 1344 1178 et
1357 1111 1501 1184 adducit
1516 1112 1599 1198 Sol,
1626 1113 1832 1214 revehitque
1850 1096 1960 1196 diem:

97 1298 102 1310 ι
143 1216 307 1292 Iustitiae
319 1214 437 1289 radios
452 1215 509 1286 cui
524 1218 585 1285 dat
598 1210 728 1284 habere
744 1238 838 1285 suae.
1137 1203 1196 1276 Sic
1214 1224 1379 1299 superant
1393 1211 1527 1282 formae
1540 1216 1673 1286 vicinas
1689 1220 1768 1290 luce
1786 1228 1933 1313 puellae,

94 1320 215 1394 nonae
227 1332 262 1389 et
276 1333 440 1389 aeternae
455 1317 591 1387 cernetis
607 1317 749 1387 exordia
764 1317 866 1401 vitae,
1188 1305 1285 1396 Quas
1301 1313 1387 1380 urbs
1403 1314 1447 1382 de
1464 1311 1598 1386 Phoebi
1617 1321 1751 1392 lumine
1767 1326 1860 1397 dicta
1880 1331 1984 1419 parit.

141 1420 300 1494 iustiliea
315 1419 495 1511 arripiunt
508 1419 570 1512 qui
585 1418 681 1487 bona
693 1431 789 1488 tanta
807 1419 887 1504 lide,
1135 1402 1303 1480 Allamtss
1321 1406 1407 1484 haec
1421 1416 1537 1486 maior
1559 1417 1634 1489 leus
1651 1436 1720 1504 est,
1747 1427 1874 1514 pietate
1888 1436 1984 1523 quod
2006 1435 2101 1510 inter

94 1522 163 1597 Hie
176 1521 304 1617 populi
319 1521 433 1592 frenat
449 1521 566 1611 legum
581 1520 777 1589 reverentia
793 1544 920 1602 mores,
1188 1509 1392 1604 Notitiaque
1410 1516 1497 1585 alias
1512 1522 1644 1594 eminet
1663 1525 1728 1594 ista
1746 1524 1825 1602 Dei.

139 1621 189 1696 Et
205 1646 351 1695 censura
367 1622 483 1711 gravis
499 1621 617 1711 turpia
631 1622 720 1691 facta
736 1633 845 1693 notat.
1134 1605 1183 1680 Et
1198 1613 1258 1705 qui
1276 1611 1459 1709 Mysorum
1479 1623 1617 1711 populis
1631 1627 1719 1695 dant
1732 1629 1830 1699 mitia
1847 1631 1936 1719 iura,

95 1727 198 1799 Adde
211 1730 307 1818 quod
323 1724 499 1794 imbuitur
512 1724 694 1792 doctrinae
710 1724 798 1792 lacte
818 1727 997 1810 luventas,
1186 1712 1228 1782 ln
1246 1716 1321 1805 ripa
1335 1713 1404 1787 ‘bac
1419 1719 1531 1810 posita
1546 1739 1598 1793 est
1613 1728 1764 1798 Albidos
1777 1733 1857 1803 auls
1872 1736 2024 1815 [lucum.

140 1825 190 1897 Et
208 1827 325 1914 legite
341 1849 480 1894 summo
496 1825 623 1893 tradita
643 1824 771 1914 scripta
788 1820 875 1897 Deo.
1134 1813 1231 1885 Haec
1249 1831 1308 1886 lua
1325 1834 1428 1907 gnate
1442 1817 1508 1888 Dei
1525 1825 1690 1899 defendat
1711 1834 1850 1903 moenia
1867 1840 1986 1909 dextra

94 1926 189 2005 llaec
204 1929 335 2003 teneris
351 1926 480 1995 animis
494 1926 650 1995 ostendit
665 1926 767 1995 lectio
785 1920 979 2012 Christum,
1185 1915 1332 2010 Semper
1348 1935 1382 1991 et
1399 1921 1437 1990 in
1452 1927 1585 2017 populo
1602 1924 1668 2000 boc
1681 1931 1759 2005 laus
1774 1947 1833 2005 tua
1849 1964 1929 2008 vera
1945 1896 2056 2016 sohet.

141 2027 190 2101 Et
206 2054 298 2098 nova
315 2026 498 2097 Virtutum
513 2026 647 2095 semina
663 2051 781 2116 sparsa
798 2027 904 2099 lovel.

94 2132 336 2223 saxoniaeque
353 2129 489 2221 aliquot
504 2126 664 2197 Ducibus
686 2129 911 2217 nascentibus
925 2146 1007 2202 ortu
1133 2121 2117 2175 “““’”“·’“““““““··““”*·---τ--
2245 2104 2260 2114 ι’

109 2254 118 2264 ·
142 2230 183 2302 ln
200 2233 316 2325 primo
334 2226 526 2320 hospitium
542 2227 660 2320 Targa
677 2230 779 2298 lidele
795 2230 904 2300 dedit.
1132 2250 1200 2326 No·
1216 2253 1304 2328 262·

94 2326 309 2405 fridericus
321 2333 461 2424 sapiens
482 2331 645 2421 princeps
659 2325 724 2400 hae
745 2343 849 2399 natus
865 2333 902 2398 iu
918 2336 1006 2405 urbs
1021 2350 1083 2423 est,
1152 2347 1289 2375 *Α*
1958 2284 2123 2402 Q

141 2435 344 2507 Promeruit
360 2433 492 2524 patriae
507 2433 566 2525 qui
585 2446 685 2524 pater
700 2457 773 2501 esse
788 2456 880 2501 suae.
1202 2455 1310 2529 scripu
1321 2455 1399 2528 publ.
1413 2454 1539 2518 Wtueb.
1552 2460 1574 2516 l.
1590 2481 1617 2533 μς
1627 2463 1689 2522 489.
1703 2477 1730 2524 et
1741 2474 1813 2542 spot
1827 2473 1988 2552 vloeeoep
2010 2484 2060 2538 154

94 2537 252 2611 Consilio
268 2537 383 2630 qualis
399 2536 526 2604 Nestor
539 2534 608 2603 luit
625 2535 719 2603 inter
737 2531 906 2614 Achivos,
1989 2522 1997 2536 ⁹
2061 2523 2068 2541 ’

140 2637 350 2710 Teutonicis
368 2637 519 2706 ducibus
534 2635 663 2705 Nestor
677 2651 709 2703 et
728 2637 793 2707 iste
807 2637 884 2704 luit.
1418 2622 1836 2719 Irimt'les'Germaniae.

94 2736 136 2815 Et
153 2765 235 2812 cum
252 2739 433 2808 doetrinae
451 2738 565 2806 lucem
581 2761 752 2817 renovare
771 2732 926 2815 bertheri,
1327 2725 1491 2810 Philippus
1509 2727 1699 2799 Melentbon.
1736 2741 1800 2816 (sn.
1818 2744 1930 2827 1552.)

138 2840 301 2964 §episset
314 2840 454 2930 scriptis
471 2837 584 2908 Filius
603 2836 770 2957 ipse-Dei.
1127 2846 1255 2945 Ῥῆνος
1269 2847 1341 2925 ἀπὸ
1357 2848 1532 2951 ζεφύρου,
1550 2853 1772 2956 βιόδροιοδὲ
1785 2870 1940 2967 ῥεῖθρον
1947 2870 2109 2971 ἀπ’ἦοῦο

94 2943 198 3017 lstms
215 2956 325 3060 pietas
340 2955 450 3058 tutam
468 2953 501 3011 et
515 2945 709 3010 moderatro
726 2941 843 3057 sedem
1183 2948 1392 3046 Γερμάνιον
1418 2965 1611 3052 κρατερῶν
1630 2967 1745 3058 γαῖαν
1766 2964 1879 3061 ὁρίζει
1902 2970 2001 3070 ὅλην.
2091 2932 2120 2966 ³,

140 3044 325 3116 Coneessrt
339 3044 465 3112 studus
481 3044 582 3111 docte
594 3038 749 3112 Luthere
765 3056 843 3112 turs.
1106 3051 1312 3146 ·Ἐσχατιαὶ
1337 3051 1375 3127 d'
1400 3056 1522 3140 ἄλπεις
1542 3059 1744 3156 νιφόεσσαι.
1761 3069 1853 3165 πρὸς
1876 3070 1989 3150 νότον
2009 3077 2120 3154 εἰσίν·

94 3144 245 3219 Nomina
263 3145 397 3237 quique
411 3157 507 3214 tenet
529 3143 657 3232 patris,
685 3143 870 3233 patruique
892 3137 1056 3210 Ioannes
1177 3155 1234 3237 Ἐς
1254 3153 1395 3252 βορέαν
1416 3153 1586 3252 πόματος
1604 3162 1778 3258 βαλτικός
1807 3170 1980 3259 ὠκεανός.

141 3240 360 3318 Fridericus
377 3244 517 3334 Torgae
537 3244 695 3327 natusin
711 3267 789 3312 aree
805 3243 883 3315 luit.

94 3347 160 3423 Ceri
176 3370 379 3444 quanquam
396 3344 525 3437 eripuit
543 3345 690 3435 patriam
708 3369 783 3419 sors
799 3367 919 3433 aspera
932 3344 1031 3424 belli,

139 3449 225 3522 Non
242 3448 366 3539 procul
382 3442 466 3515 hinc
481 3446 610 3517 Caesar
625 3472 705 3515 cum
724 3471 785 3516 sua
801 3462 911 3515 castra
926 3446 1031 3529 locat,

94 3550 173 3625 Non
192 3567 310 3625 tamen
328 3549 459 3640 eripuit
473 3549 640 3617 virtutem
658 3561 693 3618 et
710 3562 827 3641 pectus
845 3543 1043 3631 honestum,

146 3653 210 3738 Et,
236 3678 305 3746 qua
321 3649 438 3720 Gnate
458 3650 520 3719 llei
537 3648 590 3718 Te
607 3650 691 3721 colit
707 3651 799 3739 ipse,
822 3651 937 3722 fidem.

94 3754 190 3849 Ergo
206 3771 240 3826 et
255 3753 388 3824 indicio
406 3751 549 3820 victoris
565 3752 670 3840 digna
687 3752 806 3819 lavore
821 3767 869 3820 est
1465 3772 1528 3838 vel
1548 3781 1609 3841 „110
1631 3765 1723 3844 „1030
1733 3769 1788 3871 t).

99 3878 102 3885 ’
142 3860 259 3948 lpsius
277 3855 407 3936 virtus,
431 3853 547 3923 nescia
566 3877 735 3945 mensque
751 3850 838 3923 doli.
1779 3831 1788 3848 ⁶

94 3960 228 4054 Sponte
241 3983 302 4027 sua
321 3956 517 4025 libertatem
533 3954 594 4047 qui
613 3953 768 4024 reddidit
784 3953 862 4039 ipsi,

106 4112 121 4143 ,-
141 4059 221 4133 Hoc
239 4073 410 4154 quantum
428 4059 534 4125 decus
551 4071 600 4125 est
618 4051 692 4123 Ian
707 4048 895 4124 Friderice
909 4054 1000 4124 tihi?

94 4159 152 4239 Ab
164 4166 309 4234 tandem
325 4155 516 4229 lachrimae
533 4160 678 4228 vincant
694 4159 820 4246 pietate
835 4156 995 4236 fluentes,

141 4262 191 4339 Ul
205 4263 382 4337 Dominae
396 4263 521 4330 reddas
537 4260 670 4350 optime
685 4254 825 4330 Christe
840 4258 968 4332 virum.

94 4364 201 4441 Exilii
217 4385 411 4437 numerans
428 4386 517 4454 quae
530 4363 601 4431 iam
619 4362 801 4431 contabuit
819 4384 942 4445 annos,
1201 4387 1231 4437 tn
1248 4385 1415 4502 auroqrapho
1436 4387 1501 4440 Met.
1523 4389 1551 4443 tn
1572 4393 1636 4446 eos.
1656 4393 1741 4450 uest.
1758 4398 1900 4459 Varistae.
1945 4404 2034 4462 aemi
2056 4418 2115 4466 tum

142 4462 304 4540 Dulichii
319 4464 475 4535 coniunx
491 4487 555 4533 eeu
575 4486 744 4554 generosa
758 4462 839 4534 viri.
1229 4472 1253 4506 ²·
1267 4456 1294 4509 δ’·
1329 4458 1494 4523 ·S⁶l¹“l2¹'⁰‚
1512 4459 1578 4514 haee
1593 4461 1632 4515 sie
1648 4462 1792 4535 leguntur:
1906 4439 1916 4472 ’
2036 4423 2055 4479 Ρ

94 4569 139 4642 ht
154 4569 245 4639 vivit
259 4583 376 4639 tamen
394 4581 427 4636 et
446 4580 586 4655 superat
599 4566 703 4653 louge
721 4562 901 4646 lcariotin,
1129 4560 1194 4638 Εἲς
1214 4555 1269 4652 ἠῶ
1293 4556 1476 4653 Βίαόρος,
1501 4565 1616 4658 ῥῆνου
1639 4564 1677 4639 d’
1704 4567 1776 4642 ἀπὸ
1797 4571 1976 4664 βουλίτου
1999 4578 2122 4677 ὄχθαι»

94 4715 96 4719 -
127 4669 300 4751 ,conlidit
312 4681 450 4738 tautum
465 4690 550 4735 nam
564 4667 722 4736 bonitate
737 4679 808 4736 tua.
1179 4656 1386 4753 Γερμανίαν
1402 4657 1717 4760 χώραςτὲρματό
1742 4672 1841 4747 ἐστιν
1865 4673 1949 4772 ὅλης

94 4772 217 4848 Redde
233 4785 367 4864 patrem
381 4767 481 4840 Natis
495 4768 544 4837 sic
559 4767 823 4859 expectantibus
838 4764 966 4855 ipsum,
1127 4759 1334 4854 Στηρίχθει
1355 4758 1393 4835 d’
1410 4761 1524 4860 ἕρκος,
1551 4764 1749 4865 νεφόεσσαο
1769 4771 1861 4869 πρὸς
1879 4732 1990 4856 νότόν
2005 4782 2115 4868 illusa

141 4874 192 4949 Ut
207 4873 285 4944 vult
299 4865 534 4940 Telemachus
548 4892 649 4961 posse
667 4871 786 4938 videre
804 4879 947 4958 patrem.
1182 4866 1242 4945 Εἲς
1262 4861 1410 4956 Βορέαν
1429 4861 1598 4958 πόματος
1617 4869 1784 4962 βέλτικος
1806 4874 1978 4965 ὠκεανός.

94 4976 338 5069 Qui-reliquos
352 4975 479 5042 fratres
495 4974 598 5040 annis
618 4970 810 5063 praecedit,
836 4980 870 5037 et
884 4965 954 5063 ipsi
1126 4978 1277 5056 Rhenus
1296 4984 1341 5049 ab
1355 5008 1499 5069 occasu,
1526 4985 1679 5058 Viadrus
1691 4991 1863 5086 disiungit
1882 5001 1928 5070 ab
1943 5015 2036 5090 ortu,

143 5077 309 5150 Nascenti
324 5070 520 5166 hospitium
535 5072 674 5162 Torgae
691 5072 793 5175 lidele
806 5068 917 5151 dedit,
1178 5083 1366 5154 Teutonici
1383 5086 1486 5170 fines,
1513 5111 1582 5179 qua
1598 5104 1693 5181 patet
1707 5118 1788 5176 ora,
1812 5100 1891 5170 soli.

94 5178 195 5252 Hane
211 5180 358 5262 urbem,
384 5190 565 5267 totamque
582 5197 681 5243 oram
704 5188 762 5244 tua
779 5175 919 5241 dextera
933 5181 1058 5250 servet,

139 5281 289 5373 Semper
300 5268 338 5350 ¹et
354 5275 411 5348 hie
427 5290 564 5359 eoelum
580 5276 704 5367 collige
720 5270 861 5344 Christe
874 5271 954 5344 tibi.
1158 5293 1190 5364 *J
1212 5293 1285 5348 llaec
1299 5299 1404 5347 tantum
1414 5290 1636 5439 ¹taabetgtqrqeut.

1131 3272 1282 3348 Rhenus
1296 3278 1342 3344 ab
1358 3301 1500 3363 occasu,
1527 3279 1650 3350 Viadri
1665 3287 1725 3361 sed
1741 3288 1875 3361 flumen
1890 3296 1934 3364 ab
1949 3282 2031 3370 ortu

1183 3375 1396 3447 Clauserunt
1413 3379 1499 3449 fines
1511 3379 1545 3450 T
1547 3397 1674 3452 sutona
1690 3400 1781 3458 terra
1799 3407 1889 3468 tuos.
2033 3357 2043 3386 ’

1134 3473 1329 3569 Adriaeque
1344 3477 1453 3577 Alpes
1468 3481 1636 3553 immotus
1652 3486 1753 3559 limes
1771 3495 1814 3561 ad
1835 3492 2004 3569 Austrum

1182 3579 1338 3649 Balticus
1352 3583 1394 3649 ad
1411 3577 1563 3651 Boream
1582 3589 1748 3660 terminat
1760 3618 1921 3668 oceanus.
1961 3602 1963 3606 ’
2007 3559 2016 3587 ’

1130 3898 1180 3979 εἰς
1203 3894 1259 3992 ἠῶ
1277 3893 1453 4023 βίαόρος,
1480 3898 1604 3996 ῥείνου
1627 3905 1719 4002 πρὸς
1735 3905 1918 4004 βοόλετον
1937 3917 2064 4013 ὄχθαι,

1180 4025 1381 4125 μερμανων
1396 4008 1524 4098 χώρας
1543 4005 1708 4101 τέρματα
1732 4011 1808 4084 ἐστὶ
1833 4013 1927 4112 ὅλης.
1958 4089 1961 4093 ,

1130 4099 1379 4225 στηριχθηό
1398 4102 1502 4199 ἕρκος
1522 4104 1716 4204 νιφόεσσαι
1732 4111 1824 4208 πρὸς
1838 4113 1959 4195 νόθον
1981 4122 2115 4215 ἅλμας,

1181 4201 1216 4283 ἐς
1235 4201 1377 4300 βορεαν
1397 4200 1566 4300 πόματος
1586 4204 1770 4305 βόλθικος
1788 4215 1961 4305 ὠκεανός.
