4546 5760
109 158 173 253 illd
457 157 712 235 SCElPTA
744 158 820 245 Al)
855 157 1052 231 Vtram
1081 153 1156 229 ET
1190 152 1429 237 OBlTUM
1463 157 1760 249 MELAN'l'll.
2048 178 2124 249 306

105 329 238 423 ingenio
251 329 414 407 indulsit.
462 330 537 407 Sed
549 334 851 427 quemadmodum
866 332 941 425 ipse
957 331 997 403 in
1012 342 1085 403 tota
1108 334 1112 365 ¹
1136 330 1198 401 bet
1211 343 1397 400 sectatores
1413 355 1488 401 nou
1509 356 1658 424 paucos,
1684 363 1749 409 nec
1770 341 1962 431 ignobiles,
1986 370 2026 415 ac
2045 372 2124 438 per.
2224 364 2227 371 ·

102 432 183 515 vita,
207 430 423 505 etomuibus
436 435 637 507 actionibus
653 449 795 529 apertus
810 436 896 523 fuit,
915 434 1086 518 sincerus,
1135 455 1338 503 mansuram
1363 434 1468 503 etiam
1495 438 1666 509 adfinem
1688 438 1821 513 Mundi
1844 460 1970 517 contra
1988 446 2126 519 infern-

99 536 328 619 etcandidus,
350 536 401 629 ita
416 536 457 607 iu
471 537 691 631 professione
704 539 898 625 doctrinae,
922 536 1086 631 proprie-
1107 520 1112 577 Ι
1136 558 1216 605 rum
1232 547 1350 639 portas
1366 559 1559 627 speramus.
1608 538 1718 612 Cuius
1738 546 1805 615 etsi
1820 550 2012 619 adversarii
2029 553 2126 623 refu.

97 651 162 711 tate
184 638 380 723 sermonis,
405 653 441 712 et
460 640 634 712 orationis
651 664 791 733 semper
806 655 860 714 est
880 642 1086 723 delectatus,
1135 638 1305 707 tationem
1339 652 1414 707 tnm
1450 641 1698 730 instituerant,
1730 670 1806 717 eam
1842 662 1979 736 tamen,
2012 677 2126 747 neque

94 754 125 821 et
139 741 356 833 genuinam,
380 765 422 812 ac
444 742 601 813 nativam
625 744 856 826 sententiam,
879 765 986 837 quam
1010 764 1085 811 ser·
1135 739 1277 832 publice
1300 739 1339 808 in
1358 742 1474 809 lucem
1489 744 1594 812 edere
1609 770 1768 839 unquam
1790 752 1866 823 ausi
1883 767 1985 839 sunt,
2010 778 2125 849 neque

94 842 208 913 monis
223 844 440 936 proprietas,
465 859 500 918 et
514 845 597 915 fidei
613 843 788 938 Analogia
803 846 968 928 afferunt,
992 844 1083 912 facta
1135 842 1287 915 statibus
1309 843 1474 933 Imperii,
1506 846 1570 939 qui
1592 830 1857 923 Confessidnem
1882 849 2128 941 exhibuerant,

94 944 300 1033 collatione,
327 948 490 1041 eruebat,
520 962 556 1020 et
581 949 618 1019 id
644 951 741 1044 quod
762 949 956 1031 sentiebat,
986 970 1083 1025 voce,
1135 946 1181 1017 ab
1209 945 1285 1034 ipso
1320 944 1530 1034 imperatore
1556 952 1756 1039 petentibus
1788 957 1929 1047 copiam
1956 958 2031 1028 eius
2056 960 2127 1029 sibi

94 1058 121 1129 ct
143 1046 311 1139 scriptis,
339 1073 421 1121 cum
448 1049 528 1121 aliis
550 1051 734 1142 plurimis,
760 1066 837 1125 tum
858 1046 1024 1143 inprimis
1045 1046 1084 1115 in
1136 1047 1231 1132 lieri,
1267 1046 1525 1139 inspiciendam
1567 1052 1651 1121 dare
1693 1056 1893 1131 voluerunt.
1947 1058 2129 1133 Videbam

94 1148 178 1229 locis
193 1164 247 1223 eat
260 1152 449 1244 professus.
935 1198 939 1205 -
1137 1150 1231 1221 enim
1249 1172 1310 1219 sua
1326 1150 1455 1238 frigida
1471 1175 1561 1233 esse,
1586 1172 1620 1224 et
1635 1156 1783 1243 frivola,
1805 1184 1870 1230 nec
1885 1184 1986 1251 posse
2002 1162 2127 1234 claris-

94 1326 97 1333 .
1137 1252 1244 1323 simae
1260 1250 1344 1335 luci,
1369 1275 1459 1346 quae
1478 1254 1516 1321 in
1533 1252 1763 1328 Confessione
1781 1263 2001 1353 splendebat,
2028 1280 2127 1336 tene-

96 1428 106 1439 ,
192 1352 359 1451 Cumque
389 1356 429 1424 in
457 1349 526 1427 hoc
554 1370 675 1427 nostra
700 1369 859 1429 versetur
888 1355 1023 1444 oratio,
1050 1366 1086 1424 et
1137 1356 1218 1425 bras
1234 1353 1374 1425 offundi
1388 1369 1450 1424 aut
1461 1355 1599 1450 aliquid
1614 1360 1700 1430 certi
1717 1375 1751 1431 et
1771 1362 1865 1433 firmi
1878 1366 2025 1458 opponi.

94 1480 243 1551 magnus
257 1459 304 1531 sit
319 1452 450 1527 horum
464 1458 625 1529 locorum
640 1480 736 1545 usus,
749 1475 854 1554 atque
867 1460 908 1529 in
923 1457 1086 1529 omnium
1650 1484 1653 1489 ·

94 1560 162 1635 tere
186 1560 355 1631 manibus
378 1574 579 1647 versentur,
611 1586 685 1631 uon
709 1586 852 1653 possum
880 1559 1085 1653 praeterire,
1241 1557 1390 1649 Scripsit
1405 1559 1578 1650 posteain
1593 1561 1718 1634 iisdem
1728 1562 2129 1659 ComiciisApologiam,

94 1662 181 1759 quin
205 1660 381 1735 iudicium
400 1660 548 1733 Domini
566 1659 730 1735 Doctoris
754 1662 905 1737 Martini
923 1655 1087 1731 Lutheri
1139 1662 1175 1729 in
1200 1686 1269 1753 qua
1293 1674 1328 1731 et
1348 1657 1614 1731 Confessionem
1642 1667 1800 1736 defendit
1831 1667 1993 1758 pluribus
2022 1695 2128 1761 argu-

94 1765 226 1841 dcillis
245 1765 402 1836 recitem·
453 1764 568 1857 Spero
592 1766 687 1835 enim
711 1790 786 1838 non
805 1769 882 1837 sore
899 1762 1085 1837 Auditori-
1137 1763 1288 1848 mentis,
1313 1774 1350 1831 et
1364 1760 1662 1837 Adversariorum
1678 1765 1967 1842 Confutationem
1986 1775 2128 1865 publice

94 1870 158 1939 bus
184 1868 377 1959 ingratum.
440 1864 543 1937 Adeo
570 1883 687 1940 autem
715 1863 910 1938 honorifice
935 1870 981 1937 de
1013 1866 1086 1935 illis
1138 1866 1254 1938 obiter
1268 1866 1394 1936 lectam
1416 1866 1558 1941 refutat.

94 1970 223 2056 sensit,
248 1983 291 2041 ut
311 1968 459 2052 dixerit,
485 1966 567 2038 Non
592 1984 708 2039 extare
731 1971 847 2039 ullum
865 1971 962 2039 aliud
983 1991 1085 2059 prae-
1646 1974 1651 1981 “

94 2074 244 2147 stantius
258 2086 339 2165 post
352 2069 557 2163 Apostolica
578 2072 709 2163 scripta
721 2064 836 2141 Locis
851 2070 895 2145 D.
916 2066 1086 2161 Philippi,
1239 2065 1299 2140 Ad
1313 2068 1357 2141 D.
1374 2064 1582 2161 Philippum
1598 2082 1767 2163 tanquam
1782 2072 2000 2168 Delphicum
2014 2076 2130 2172 Apol-

94 2172 253 2269 ldeoque
269 2174 311 2243 in
330 2170 488 2243 Ecclesia
510 2189 544 2243 et
559 2169 700 2246 Scholis
722 2176 964 2244 retinendum:
991 2172 1086 2261 Quia
1138 2172 1224 2240 linis
1236 2174 1419 2241 oraculum
1442 2173 1481 2239 in
1496 2172 1610 2242 causis
1625 2174 1845 2246 difficillimis
1858 2203 1982 2249 omues
2001 2205 2130 2276 prope-

94 2280 130 2347 iu
163 2277 376 2361 seducent,
408 2287 559 2366 pugnet,
592 2288 626 2343 et
658 2270 874 2367 triumphet,
903 2300 943 2346 ac
971 2289 1086 2346 totum
1140 2276 1286 2343 modum
1300 2270 1494 2357 Ecclesiae,
1522 2272 1598 2342 lmo
1622 2288 1657 2344 et
1674 2273 1858 2369 Principes
1876 2281 2023 2370 plurimi
2043 2309 2131 2353 cou-

94 2402 221 2473 corpus
244 2377 405 2450 coelestis
431 2376 617 2447 doctrinae
640 2378 904 2468 complectatur.
954 2375 1027 2447 Nec
1048 2376 1086 2443 in
1139 2378 1324 2465 fugerunt,
1358 2374 1568 2444 sententiam
1590 2375 1721 2467 ipsius,
1751 2393 1787 2449 et
1809 2382 1983 2452 iudicium
2006 2386 2131 2454 audire

94 2480 260 2553 omnibus
280 2480 443 2550 omnium
463 2492 605 2570 patrum
621 2479 760 2571 scriptis
784 2494 923 2551 tautum
939 2478 1086 2571 reperiri
1140 2478 1340 2569 cupientes,
1366 2478 1497 2570 quibus
1511 2476 1696 2547 laboribus
1708 2474 1796 2551 haec
1809 2506 1866 2553 res
1883 2484 1917 2551 ei
1933 2487 2131 2559 constiterit

94 2582 308 2659 eruditionis
330 2577 587 2669 Theologicae,
622 2583 856 2675 quantumin
882 2581 969 2651 locis
992 2576 1088 2649 hisce
1139 2580 1241 2649 facile
1262 2579 1379 2672 quivis
1401 2578 1580 2667 intelligit.
1631 2576 1675 2647 lu
1695 2575 1792 2653 hunc
1814 2586 1981 2669 modum,
2006 2584 2132 2659 hisla-

94 2686 330 2777 enntineatur.
389 2678 438 2755 Et
463 2684 495 2753 si
525 2683 647 2754 omnia
676 2684 823 2755 illorum
852 2684 979 2774 scripta
1002 2706 1088 2753 con·
1140 2682 1308 2761 boribus,
1333 2694 1369 2751 et
1389 2681 1518 2753 studiis
1541 2696 1712 2772 perpetuo
1736 2699 1947 2778 occupatus,
1972 2690 2036 2759 ubi
2054 2688 2132 2761 Tu·

94 2790 281 2869 darentur,
317 2799 539 2857 nontamen
572 2787 656 2855 inde
690 2787 786 2856 locos
815 2780 974 2877 Philippi
1003 2809 1089 2877 pro·
1140 2784 1247 2873 biuga
1267 2784 1436 2857 discessit.
1485 2780 1720 2873 Reipublicae
1740 2786 1937 2875 literatius,
1961 2786 2133 2863 etEecle·

94 2890 241 2965 dituros.
1140 2887 1211 2955 siae
1233 2909 1312 2955 cum
1335 2887 1515 2968 docendo,
1548 2899 1624 2954 tum
1646 2888 1854 2975 scribendo,
1885 2890 1989 2962 XLll
2021 2918 2134 2968 annos

239 3052 244 3060 .
1142 2988 1298 3060 servivit.

192 3086 394 3164 Adhibitus
409 3103 462 3161 est
477 3103 596 3180 postea
610 3091 927 3162 diiudicationibus
943 3091 1090 3178 dogma-

94 3212 190 3277 tum,
224 3208 262 3267 ct
284 3194 625 3273 controversiarum,
650 3216 691 3262 ac
714 3192 931 3279 gravissimis
954 3190 1089 3261 delibe-
1242 3189 1359 3261 Deum
1390 3191 1645 3275 immortalem,
1673 3207 1807 3287 quauta
1836 3196 2027 3280 foelicitas,
2061 3200 2133 3271 frui

94 3298 315 3381 rationibus,
341 3295 405 3366 ubi
427 3296 472 3364 de
496 3309 569 3365 tota
592 3294 765 3384 religione
787 3307 838 3363 est
859 3294 1089 3385 disputatum.
1144 3307 1241 3363 tanto
1265 3309 1424 3384 tempore
1448 3307 1519 3363 tam
1541 3294 1684 3365 salutari
1699 3292 1876 3367 Doctore!
1932 3295 2009 3389 Ego
2032 3318 2134 3387 certe,

95 3398 265 3473 interfuit
292 3399 469 3492 plerisque
498 3394 667 3487 Comiciis
696 3395 959 3487 imperialibus,
992 3391 1090 3465 Con·
1143 3395 1206 3465 etsi
1224 3396 1333 3486 probe
1349 3390 1438 3463 mihi
1453 3419 1552 3464 meae
1570 3397 1751 3468 tenuitatis
1776 3399 1842 3466 sim
1862 3403 2043 3488 conscius,
2070 3428 2134 3476 nec

97 3504 263 3576 ventibus
285 3501 510 3594 principum,
542 3512 577 3571 ct
597 3494 882 3589 Theologorum,
913 3521 953 3565 ac
978 3496 1090 3565 collo·
1143 3509 1281 3569 tantum
1298 3496 1509 3590 profecerim
1527 3491 1595 3566 hoc
1609 3512 1855 3588 praeceptore,
1882 3518 2054 3594 quantum
2070 3509 2134 3575 de-

99 3606 188 3703 quiis
216 3604 386 3675 omuibus
413 3602 587 3694 publicis,
621 3627 710 3697 quae
736 3616 812 3672 toto
840 3614 997 3691 tempore
1022 3594 1089 3668 hoc
1142 3600 1306 3668 bueram:
1333 3594 1472 3665 Tamen
1487 3592 1579 3666 hanc
1595 3622 1768 3669 summam
1786 3603 2022 3686 foelicitatem,
2043 3633 2134 3701 quae

102 3723 181 3781 sont
200 3706 374 3780 instituta.
406 3703 481 3775 Nec
495 3705 562 3778 fuit
576 3706 652 3775 illic
665 3707 803 3775 ociosus
819 3713 1010 3796 spectator,
1029 3713 1090 3772 aut
1142 3694 1232 3770 mihi
1259 3699 1298 3767 in
1326 3698 1430 3768 terris
1459 3702 1664 3801 contingere
1690 3704 1824 3794 potuit,
1859 3706 1998 3792 iudico,
2036 3714 2134 3802 quod

102 3804 229 3909 stipor
240 3801 459 3901 npcdcomov,
478 3809 539 3878 sed
557 3808 760 3899 praecipuas
774 3829 913 3897 semper
925 3806 995 3892 egit
1010 3826 1091 3895 par·
1143 3797 1235 3873 mihi
1258 3815 1334 3872 toto
1349 3800 1615 3895 quinquennio,
1642 3805 1733 3873 duos
1753 3806 1840 3876 istos
1863 3800 2007 3891 heroes,
2034 3810 2134 3880 Mar-

103 3928 166 4001 tes,
186 3911 313 3985 omnia
329 3910 459 4001 scripta
473 3909 691 4000 composuit,
716 3931 797 3979 cum
814 3905 1025 3976 adversariis
1040 3916 1092 3973 est
1143 3906 1260 3977 tinum
1282 3899 1480 3973 Lutherum
1502 3904 1601 3989 dico,
1636 3919 1671 3975 et
1695 3903 1901 3999 Philippum
1927 3907 2135 3983 Melantho-

103 4036 324 4107 congressus,
346 4012 432 4084 etin
449 4010 524 4081 acie
539 4012 652 4089 stetit,
677 4034 718 4079 ac
731 4008 966 4079 constantiam
989 4029 1091 4098 prac-
1144 4031 1225 4075 nem
1248 4019 1493 4105 praeceptores
1518 4028 1614 4075 meos
1639 4022 1806 4098 perpetua
1830 4012 2053 4085 observantia
2074 4041 2134 4085 co-

104 4120 186 4211 stitit
200 4116 281 4186 viro
298 4117 394 4187 bono
411 4113 568 4203 dignam.
620 4112 695 4181 Nec
711 4134 872 4205 unquam
887 4108 1002 4180 victus
1017 4107 1091 4177 dis·
1143 4108 1287 4189 leudos,
1313 4106 1482 4177 audiendi
1500 4108 1600 4198 copia
1615 4109 1661 4182 sit
1675 4110 1777 4183 facta.
1819 4200 1823 4207 ·

104 4220 218 4303 cessit,
243 4218 304 4289 sed
321 4216 472 4287 maxima
497 4214 631 4303 ingenii
648 4214 842 4293 celeritate,
870 4226 903 4281 et
918 4211 1092 4295 acumine,

106 4316 330 4415 Sophisticen
352 4317 546 4398 intellexit,
573 4331 606 4386 et
627 4310 880 4407 deprehendit,
905 4327 1011 4406 atque
1034 4314 1091 4382 in·
1245 4307 1293 4381 Et
1306 4306 1583 4403 quod-irenaeus
1602 4313 1647 4381 de
1663 4308 1860 4407 Polycarpo
1877 4313 2133 4408 smyrneorum

105 4424 266 4509 tricataa,
291 4434 327 4493 et
344 4419 522 4489 involutas
544 4418 788 4512 quaestiones,
814 4442 854 4487 ac
878 4417 993 4487 nodos
1010 4438 1093 4505 gor·
1144 4410 1342 4506 Episcopo,
1369 4412 1431 4505 qui
1448 4414 1563 4482 fuerat
1581 4412 1723 4483 ariditor
1742 4412 1884 4485 loannis
1899 4413 2075 4506 Apostoli,
2102 4435 2135 4489 et

104 4528 195 4613 dios,
231 4523 353 4617 gladio
385 4520 487 4592 verbi
519 4517 586 4590 Dei
625 4520 811 4604 dissecuit,
851 4533 886 4589 et
918 4518 1091 4587 dissolvit.
1144 4512 1392 4605 Evangelistae
1425 4515 1568 4600 scribit,
1604 4513 1722 4586 Multa
1755 4541 1857 4606 saepe
1881 4516 2047 4590 Doctoris
2080 4524 2134 4590 sni

102 4612 249 4721 scripsit
271 4639 307 4698 et
328 4639 486 4715 tempore
516 4621 831 4713 periculosissimo,
865 4644 946 4691 cum
973 4619 1093 4687 omnia
1145 4617 1238 4713 dicta
1253 4639 1398 4686 narrare
1411 4616 1576 4703 solitum,
1600 4619 1732 4710 quibus
1748 4619 1938 4704 addiderit,
1959 4619 2006 4693 Se
2020 4619 2135 4694 adhuc

102 4729 289 4817 interitura
325 4726 560 4809 videbantur,
598 4724 636 4794 in
668 4721 833 4795 Comitiis
865 4720 1094 4811 Augustanis,
1146 4743 1248 4789 voces
1270 4718 1401 4808 ipsius,
1434 4720 1536 4811 quasi
1559 4720 1597 4788 in
1620 4721 1766 4790 auribus
1789 4722 1863 4792 suis
1884 4738 2052 4795 sonantes
2073 4751 2137 4795 au·

101 4830 200 4905 Fidei
225 4828 502 4921 confessionem,
527 4826 787 4897 communicato
811 4837 888 4894 tum
914 4848 993 4894 cum
1014 4823 1094 4891 aliis
1146 4821 1235 4892 dire.
1289 4818 1333 4889 ld
1352 4821 1396 4888 de
1417 4844 1475 4892 me
1491 4821 1672 4891 verissime
1694 4844 1837 4911 possum
1854 4822 2049 4911 affirmare,
2075 4824 2136 4896 Me

102 4932 272 5017 consilio,
297 4954 388 5026 quae
408 4929 541 4998 ibidem
558 4923 713 4998 exhibita
733 4942 784 4998 est
799 4924 1008 5019 Imperatori
1024 4922 1094 4995 Ca·
1146 4918 1263 4993 adhuc
1279 4945 1356 4991 non
1368 4924 1475 4992 modo
1490 4946 1592 4993 voces
1613 4918 1741 4991 horum
1764 4923 1920 4994 virorum
1936 4926 1975 4995 in
1991 4928 2136 4999 auribus

102 5037 178 5110 rolo
193 5034 335 5131 quinto.
378 5028 419 5100 lu
436 5055 505 5125 qua
520 5030 626 5101 etiam
643 5030 757 5120 praeci
762 5054 850 5122 puos
863 5028 945 5098 fidei
964 5028 1095 5097 articu-
1146 5025 1340 5095 tinnientes
1363 5024 1507 5105 audire,
1532 5025 1594 5094 sed
1617 5026 1705 5094 adeo
1721 5026 1891 5096 tenaciter
1911 5029 2022 5098 menti
2039 5053 2137 5099 meae

102 5140 154 5213 tn
169 5151 224 5211 est
238 5135 455 5227 complexus,
478 5134 540 5203 sed
554 5132 728 5218 breviter,
751 5131 847 5204 utin
864 5129 1095 5202 Confessione
1147 5127 1358 5218 insculptas,
1382 5140 1417 5197 et
1439 5127 1628 5221 impressas
1645 5149 1739 5212 esse,
1763 5128 1863 5221 quasi
1885 5128 2043 5220 ipsorum
2062 5131 2138 5201 efli-

103 5242 179 5319 fieri
194 5240 297 5311 solet.
348 5232 446 5308 Haec
458 5232 641 5343 Confessio
661 5236 730 5305 late
748 5257 868 5328 sparsa
885 5247 954 5313 est,
981 5246 1015 5303 et
1031 5227 1095 5301 ha·
1146 5228 1241 5322 gies,
1267 5252 1307 5301 ac
1330 5228 1442 5300 oculis
1464 5223 1560 5300 hisce
1583 5243 1783 5322 praesentes
1803 5254 1922 5302 coram
1939 5231 2138 5305 assistentes

150 5452 333 5517 llrrsrrn.
353 5444 454 5510 Orrr.
482 5442 565 5508 Vos.
581 5432 629 5511 X.
674 5442 677 5447 ’
1442 5434 1493 5508 20
