4546 5760
110 196 184 278 aar
693 168 1111 283 oon-n's‘rrouns
1148 178 1549 261 a-canunrcmc
2066 184 2131 257 uo

112 371 248 452 debeat,
273 391 313 437 ac
331 365 526 436 dummodo
539 348 637 433 illam
653 376 833 456 sequatur,
858 362 962 443 ferre,
989 328 1097 454 quid·
1146 378 1253 449 quarn
1274 368 1315 425 ut
1337 380 1357 424 a
1378 378 1436 425 me
1457 355 1644 425 commode
1667 352 1835 446 explicari
1857 368 1989 449 (preat,
2020 355 2134 424 deiero

112 473 199 567 qnid
215 468 312 541 Deos
334 467 490 552 dederit,
517 463 672 554 Quando
691 466 820 557 coique
843 458 979 533 homiui
1003 462 1098 530 divi·
1146 460 1285 528 eumad
1303 455 1491 527 dominum
1507 457 1700 529 Decanum.
1751 456 1848 527 Dixi.

112 576 208 644 nitus
224 571 401 664 proposita
416 570 460 638 sit
476 581 568 637 meta
584 568 694 647 vitae,
721 590 827 660 quam
852 590 957 636 nemo
981 577 1099 635 trans-

112 678 164 745 ire
186 674 315 766 possit,
350 672 560 763 nequidem
584 670 673 737 siin
702 694 806 739 cavea
832 690 869 737 se
894 668 1095 736 concludat.

111 776 203 848 Cum
229 770 391 870 tyrannis
413 796 497 841 vero
520 773 661 840 nullum
683 771 825 851 foedus,
861 770 1002 839 nullum
1032 770 1098 851 ius,
1148 810 1203 883 No
1227 812 1277 881 30
1790 792 1794 799 ·
1890 814 1992 881 103?
2013 831 2027 879 t
2049 816 2123 881 ¹545

111 875 205 949 nihil
221 878 374 969 denique
395 897 582 943 commune
602 896 695 957 esse,
722 886 761 943 ut
782 896 802 943 a
826 872 957 966 quibus
977 870 1097 940 omnia
1150 861 1288 934 ab.)
1904 842 2131 944 ,ὢν

113 986 212 1066 iura,
237 982 348 1069 leges,
372 990 405 1045 et
418 974 595 1069 quidquid
618 974 716 1065 ptum
739 989 798 1045 aut
823 990 982 1044 sanctum
1005 973 1099 1041 inter
1219 988 1252 1041 n
1267 985 1429 1056 oostensa.
1443 991 1573 1066 assu.
1608 994 1677 1049 nem
1691 992 1966 1050 reconstruere.
1983 995 2007 1050 t.
2028 994 2123 1065 pso.

114 1083 276 1154 homines
292 1090 470 1161 censetur,
497 1078 720 1169 profanatum
738 1101 778 1147 ac
801 1078 979 1148 sublatum
999 1088 1099 1157 esset,

113 1182 162 1257 Et
175 1187 218 1255 ad
232 1206 321 1278 quos
336 1180 506 1251 delendos
520 1180 618 1249 velut
635 1181 678 1248 ad
695 1178 875 1271 publicum
892 1177 1099 1246 incendium
1151 1152 1325 1233 Quam
1356 1156 1547 1244 PY⁰P⁰⁸ll⁰
1575 1155 1625 1228 D·
1646 1160 1838 1228 ΕΜΜΙΟ
1867 1150 2026 1241 molt,
2058 1175 2133 1225 Μ

114 1311 237 1358 omnes
262 1281 425 1356 homines
448 1305 659 1352 concurrere
688 1284 870 1352 deberent.
930 1273 1099 1349 Occurrit
1151 1248 1418 1324 ‘lmmmlm'
1441 1260 1478 1327 ²¹⁹
1503 1257 1639 1329 lilith&
1662 1260 1871 1331 Doctorum
1892 1263 1934 1331 t'n
1955 1266 2042 1330 urle
2063 1278 2133 1331 me·

112 1386 181 1460 hoc
200 1388 305 1459 etiam
326 1386 418 1474 illis,
444 1385 473 1452 si
496 1383 693 1455 crudelitati
719 1385 921 1477 tyrannicae
946 1380 1099 1472 patroci—
1342 1353 1443 1427 dica·
1494 1360 1566 1431 Ad·
1586 1359 1697 1434 1545·
1728 1359 1787 1436 ll).
1801 1359 1929 1455 Seplb.

18 1506 24 1515 '
113 1505 264 1575 nentur,
289 1511 396 1582 quam
415 1486 650 1577 periculosum
667 1488 710 1554 ad
727 1501 884 1577 posteros
899 1483 1099 1572 exemplum
1150 1477 1319 1558 Aetatem
1341 1504 1499 1562 nostram
1521 1495 1673 1564 maxime
1689 1498 1789 1566 decet
1804 1496 2133 1589 verecundia,quae

115 1618 197 1664 suae
214 1614 356 1688 quoque
373 1588 506 1680 patriae
521 1587 679 1658 relictori
697 1590 779 1671 sint,
802 1612 984 1682 quaecum
1004 1586 1098 1654 iuxta
1151 1604 1244 1659 certe
1270 1590 1419 1682 impedit
1445 1619 1593 1685 pueros,
1622 1601 1779 1667 modesta
1802 1598 1924 1667 indole
1952 1599 2134 1688 praeditos,

115 1699 227 1786 legem
251 1716 369 1763 rerum
395 1687 651 1776 humanarum,
684 1691 809 1759 iisdem
832 1692 912 1761 telis
935 1692 1100 1759 fortunae
1151 1716 1196 1760 ne
1211 1690 1250 1758 in
1266 1694 1463 1786 frequentia
1479 1698 1658 1768 seniorum
1677 1714 1711 1768 et
1733 1700 2024 1787 gravissimorum
2047 1701 2134 1769 viro-

115 1797 272 1888 exposita
293 1796 360 1878 sit,
392 1808 427 1865 et
445 1795 539 1862 idem
571 1794 624 1861 illi
655 1794 812 1863 accidere
841 1794 968 1885 possit,
1003 1789 1098 1882 qnod
1151 1817 1232 1863 rum
1255 1794 1370 1864 dicere
1394 1798 1525 1873 ausint.
1582 1800 1704 1888 Quare
1724 1802 1872 1871 mitetur
1893 1801 2044 1895 aliquis,
2082 1820 2135 1871 cur

118 1902 250 1969 virtute
284 1911 389 1990 atque
419 1897 548 1985 opibus
582 1894 851 1965 florentissimae
877 1890 1098 1965 Athenarum
1151 1893 1277 1965 Pueris
1292 1898 1545 1990 praecipiatur,
1571 1916 1611 1971 ut
1623 1898 1690 1972 hoc
1705 1906 1783 1971 loco
1804 1903 2031 1996 quaestiones
2057 1900 2135 1972 reci·

115 2002 198 2074 urbi
222 1998 418 2071 accidisset:
459 1997 633 2065 Videbant
651 1998 745 2083 lore,
771 1999 986 2067 otomnium
1004 1992 1100 2063 iudi·
1152 2009 1239 2071 tent.
1289 1997 1358 2068 Sed
1377 1994 1445 2071 hoc
1462 2028 1603 2097 quoqne
1620 2004 1810 2075 verecundi
1825 2005 1960 2094 ingenii
1975 2019 2047 2089 est,
2069 2026 2134 2073 non

116 2104 173 2175 cio
188 2103 313 2172 merito
329 2100 434 2191 plecti
462 2100 684 2184 dicerentur,
713 2101 773 2193 qui
796 2100 864 2191 ipsi
886 2094 979 2168 hanc
1000 2093 1099 2191 quasi
1153 2101 1332 2191 disputare
1349 2102 1393 2169 de
1409 2107 1521 2173 causis
1546 2108 1684 2195 legum,
1719 2107 1779 2175 sed
1802 2110 1960 2176 modeste
1985 2107 2133 2188 obedire,

115 2208 227 2297 legem
244 2205 312 2273 sibi
326 2202 545 2286 statuissent,
568 2203 650 2293 quia
676 2202 878 2296 tyrannicae
900 2199 1101 2270 irunumita·
1153 2202 1371 2271 etsicausam
1387 2198 1478 2276 hanc
1493 2218 1569 2275 'esse
1593 2222 1696 2300 puto,
1728 2222 1768 2278 ut
1791 2232 1810 2277 a
1834 2209 1966 2279 teneris
1992 2208 2134 2300 incipia-

117 2310 163 2379 tis
187 2309 366 2377 adiutores
389 2328 425 2372 se
449 2329 488 2372 ac
505 2307 706 2373 defensores
728 2304 980 2394 praebuissent.
1035 2298 1101 2369 llis
1152 2326 1231 2373 mus
1247 2305 1470 2375 considerare
1486 2304 1550 2378 hos
1564 2322 1698 2379 vestros
1716 2334 1939 2399 congressus,
1967 2324 2001 2380 ct
2023 2312 2134 2403 aliquo

117 2412 284 2504 iuquam,
308 2424 342 2477 et
357 2406 532 2475 similibus
549 2408 661 2475 carresis
679 2408 767 2475 moti
784 2407 949 2475 videntur
965 2403 1024 2473 isti
1045 2402 1102 2471 iu·
1155 2407 1260 2475 modo
1277 2407 1475 2477 studiorum
1492 2404 1647 2481 honores
1663 2411 1796 2481 mirari.
1847 2411 2135 2502 t’osigituron,

117 2514 230 2593 dices,
256 2525 296 2580 nt
316 2509 523 2579 Pausaniam
540 2511 613 2577 suis
628 2510 771 2577 calculis
786 2508 1021 2576 absolverent.
1154 2523 1193 2579 ut
1211 2507 1380 2599 puerilem
1394 2512 1590 2581 orationem
1608 2537 1721 2581 meam
1746 2528 1890 2605 propter
1911 2512 2134 2585 consuetudi-

221 2611 291 2685 Sed
309 2636 382 2680 non
397 2612 587 2680 defuerunt
604 2627 638 2681 et
654 2611 755 2679 alteri
778 2610 868 2700 parti
884 2620 1104 2695 argumenta,
1153 2634 1234 2679 nem
1250 2602 1433 2679 honestam
1448 2616 1622 2705 patienter
1638 2615 1801 2688 audiatis.

108 2716 249 2809 'quihus
282 2714 504 2783 autoritatem
547 2736 629 2781 suae
670 2712 864 2782 sententiae
908 2724 1102 2782 tuerentur.
1254 2708 1426 2782 Recitaho
1445 2730 1560 2785 autem
1577 2710 1761 2787 historiam
1785 2715 1909 2786 utilem
1933 2714 2077 2806 pietati,
2100 2736 2131 2781 rx

116 2816 231 2890 Erant
254 2816 397 2910 tyranni
421 2814 507 2883 socii
531 2814 808 2906 Spartanorum,
843 2830 945 2884 erant
964 2814 1104 2881 loedere
1154 2839 1221 2907 qna
1239 2813 1352 2882 oritur
1368 2819 1525 2907 quaestio
1543 2814 1717 2913 Physica:

118 2921 249 2998 iuncti,
273 2932 373 2988 erant
389 2917 588 2985 defensores
608 2918 758 3007 partium
773 2916 1040 2999 Laconicarom,
1065 2914 1102 2980 in
1256 2914 1434 3007 'l‘emporc
1450 2918 1577 2989 loliani
1596 2920 1823 3011 Imperatoris
1843 2919 2041 3010 praelectus
2064 2914 2130 3010 qui·

117 3024 206 3093 urbe
221 3022 363 3089 inimica
381 3021 594 3088 videbantur
608 3044 681 3087 non
696 3020 803 3087 luisse
820 3018 1016 3088 deserendi.
1056 3011 1104 3084 Et
1154 3020 1255 3094 dam,
1283 3011 1390 3086 homo
1408 3017 1614 3111 prophanus
1631 3037 1660 3090 et
1682 3024 1812 3104 audax,
1840 3020 1900 3113 qiu
1919 3020 2038 3111 palam
2064 3040 2130 3107 per·

120 3126 245 3195 iactato
270 3138 320 3193 est
344 3117 438 3190 haud
458 3121 573 3213 „dubie
598 3121 658 3189 illa
683 3122 921 3202 voualterius
937 3116 1104 3209 Spartani
1154 3114 1271 3189 biberi
1286 3119 1425 3189 volebat
1440 3117 1549 3192 hostis
1564 3124 1628 3191 lilii
1645 3120 1732 3207 Dei,
1758 3121 1905 3193 Domini
1928 3120 2045 3191 nostri
2061 3116 2130 3189 lesu

119 3226 314 3317 Principis,
350 3224 412 3315 qui
441 3222 596 3293 dixerat:
635 3221 833 3292 llouestum
864 3245 938 3292 esse
969 3216 1104 3291 hahen—
1153 3216 1305 3304 Christi,
1348 3222 1521 3313 spoliabat
1544 3226 1715 3317 templum
1739 3219 1952 3294 Antiochiae
1975 3224 2013 3292 in
2030 3218 2130 3317 syria

120 3333 225 3412 dum,
251 3326 425 3420 quidquid
441 3326 589 3415 Spartae
611 3326 698 3394 utile
714 3340 813 3397 esset.
846 3324 960 3396 'Utile
986 3337 1104 3391 cautem
1154 3323 1249 3392 iussu
1274 3320 1508 3413 imperatoris.
1559 3324 1651 3398 Cum
1674 3339 1791 3395 antem
1815 3326 1867 3419 pii
1889 3326 2130 3413 gubernatores

120 3432 307 3499 videbatur
321 3430 365 3496 ad
380 3428 603 3497 retinendum
622 3428 809 3519 imperium
829 3424 1009 3509 Graeciae,
1023 3426 1105 3518 qni·
1154 3421 1329 3493 Ecclesiae
1342 3428 1709 3521 peterent'snpplicrs,
1735 3451 1780 3496 ne
1797 3427 1964 3519 pecunia,
1991 3452 2061 3519 qna
2075 3422 2130 3493 mi·

120 3534 327 3624 huscunqoe
365 3530 519 3599 vinculis
559 3530 782 3600 constrictam
822 3543 941 3598 tenere
979 3531 1104 3597 urbem
1154 3527 1255 3595 nistri
1269 3522 1468 3617 Evangelii,
1484 3546 1522 3621 et
1535 3532 1640 3623 multi
1654 3531 1773 3599 miseri
1791 3530 1884 3599 cives
1898 3528 2022 3597 alendi
2036 3538 2130 3607 erant,

123 3629 398 3714 Atheniensem,
421 3657 484 3700 nec
501 3633 714 3721 permittere,
741 3646 779 3700 ut
796 3631 854 3698 illa
872 3656 1028 3723 reliquam
1049 3652 1102 3696 re·
1155 3628 1365 3698 anteferretur:
1390 3630 1591 3705 Praefectus
1607 3634 1717 3702 mtrlta
1745 3630 2000 3721 contumeliose
2020 3633 2130 3701 adver·
2174 3702 2176 3715 Ι

120 3738 254 3825 spirare
276 3748 337 3802 aut
360 3747 464 3822 caput
496 3734 628 3820 erigere
654 3748 777 3821 posset.
838 3730 1104 3802 Commemora-
1154 3753 1213 3798 sus
1245 3724 1428 3803 Christum
1467 3735 1636 3829 loquutus
1669 3733 2005 3823 urinoconspersit
2038 3752 2129 3801 aram
2173 3756 2176 3777 ¹

122 3838 253 3906 hauteu·
284 3835 418 3903 multae
454 3836 571 3903 clades
607 3836 710 3914 belli,
748 3834 880 3927 quihus
906 3834 1033 3923 Sparta
1061 3834 1105 3899 ab
1156 3833 1281 3901 Statim
1299 3847 1415 3903 aunem
1432 3837 1622 3931 exportatis
1637 3832 1830 3913 thesauris,
1856 3838 1984 3901 mmbo
2000 3854 2129 3926 oppres·

122 3935 404 4009 Atheniensibus
419 3936 542 4007 allecta
566 3952 656 4013 erat,
684 3952 714 4004 et
741 3936 912 4027 pericula,
938 3960 1027 4028 quae
1052 3934 1104 4002 illi
1156 3957 1213 4002 sus
1231 3946 1303 4014 est,
1326 3936 1362 4002 in
1382 3963 1452 4031 quo
1472 3938 1649 4009 intestinis
1665 3937 1755 4007 iulrn
1780 3928 1918 4017 ellusis,
1941 3956 2127 4006 excremen-

123 4042 386 4133 impeuderent,
412 4040 442 4108 si
464 4042 549 4110 urbs
575 4037 874 4133 Atticaunquam
900 4038 993 4106 vires
1017 4036 1105 4105 reci·
1156 4050 1230 4105 tum
1254 4058 1329 4105 non
1349 4040 1533 4127 deorsum,
1574 4042 1634 4110 sed
1659 4064 1799 4108 sursum
1824 4040 2026 4128 pergulam
2050 4050 2127 4105 etot

123 4158 231 4235 perot.
286 4141 326 4209 ln
346 4136 411 4209 hoc
430 4142 537 4230 igitur
551 4144 697 4210 salutem
717 4144 849 4231 patriae
872 4140 962 4210 verti
987 4162 1104 4206 cerne·
1156 4136 1287 4222 emisit,
1314 4155 1354 4209 ut
1369 4145 1638 4223 admoneretur,
1663 4142 1784 4235 quales
1807 4142 1930 4209 sordes
1957 4152 2058 4209 arura
2081 4152 2127 4227 ptr

122 4246 227 4325 baut,
253 4259 293 4313 ut
311 4239 542 4313 Athenienses
559 4270 663 4337 qusuu
683 4246 832 4311 maxime
852 4257 1107 4333 procurentur,
1156 4261 1196 4307 os
1219 4238 1402 4323 cdidisset,
1435 4272 1515 4316 cum
1538 4240 1735 4314 horrendas
1760 4236 2000 4333 blasphemias
2025 4252 2128 4311 contra

123 4350 218 4439 quod
247 4372 308 4438 per
333 4354 501 4439 tyrannos
524 4346 808 4413 rorrrrnodissime
832 4344 907 4411 heri
933 4368 1031 4433 posse
1054 4342 1106 4408 t'i-
1155 4340 1269 4409 lilium
1285 4338 1352 4412 Dei
1369 4346 1468 4422 dixit.
1604 4353 1608 4364 '

124 4454 287 4521 debatur.
340 4450 419 4516 hon
445 4448 551 4536 igitur
577 4442 642 4515 hoc
664 4448 803 4514 frenum
830 4446 995 4513 minicae
1025 4444 1105 4513 uehi
1257 4440 1470 4542 Exemplum
1488 4452 1654 4519 admonet
1671 4471 1813 4529 omues,
1840 4444 2024 4514 nedicunt
2043 4442 2128 4513 Blas-

126 4554 314 4619 lanandum
329 4550 457 4633 luisse,
481 4552 542 4617 sed
558 4549 688 4618 arctius
705 4549 997 4638 adstringendum
1014 4548 1107 4615 imii-
1156 4542 1324 4638 phemias.
1344 4552 1350 4571 ¹
1653 4560 1658 4569 '

125 4656 261 4723 cabant
292 4651 476 4741 ·Speeiose
495 4652 558 4721 ista
577 4666 611 4720 et
629 4646 721 4719 haud
744 4653 852 4719 dubie
873 4676 952 4719 cum
977 4648 1109 4718 multo·
1260 4646 1330 4718 Sed
1362 4654 1408 4720 'de
1438 4650 1613 4720 meatibus
1649 4647 1753 4719 etiam
1785 4648 1997 4736 interrogari
2025 4653 2131 4741 potest,

125 4778 204 4831 rurn
222 4756 470 4824 assensudicta
489 4768 582 4825 sunt.
636 4750 845 4823 Praesertim
875 4753 912 4822 in
934 4752 1023 4821 urbe
1047 4774 1108 4819 su·
1157 4753 1338 4845 quomodo
1352 4766 1485 4823 stercus
1501 4774 1640 4821 sursum
1656 4751 1810 4843 pellatur
1823 4750 1862 4818 in
1877 4748 2023 4839 gulam?
2071 4744 2131 4819 Re-

125 4858 252 4947 perba,
285 4869 320 4924 et
343 4856 472 4925 receuti
502 4878 660 4925 successu
689 4878 807 4923 rerum
832 4856 942 4933 elata,
976 4854 1107 4945 inqua
1157 4852 1240 4922 citat
1256 4856 1453 4947 exemplum
1465 4868 1496 4923 et
1508 4850 1668 4923 Galenus
1682 4851 1843 4921 incansis
1858 4863 2133 4945 symptomatum,

125 4959 235 5029 autimi
251 4958 335 5025 odio
348 4953 618 5027 Atheniensium
637 4958 950 5030 uulnerauerunt,
978 4970 1011 5023 et
1028 4954 1107 5021 vell·
1158 4967 1192 5025 et
1209 4973 1327 5025 nostra
1344 4972 1438 5026 {telus
1454 4956 1617 5025 meruinit
1632 4956 1790 5048 aliquos,
1816 4951 1876 5049 qui
1895 4977 1975 5022 cum
2001 4954 2133 5022 futssut

124 5061 271 5129 neribus
288 5059 546 5129 bellinondum
566 5059 718 5127 obducta
735 5058 889 5129 cicatrix.
929 5054 1108 5146 Haecigi-
1157 5056 1321 5128 maledici
1354 5061 1523 5127 adsersus
1553 5056 1741 5147 Evangelii
1776 5056 1995 5140 doctrinam,
2042 5044 2134 5123 simili

124 5180 186 5235 tur
207 5160 380 5233 sententia
408 5161 662 5248 proculdubio
685 5161 796 5250 magis
823 5162 896 5230 visa
918 5172 969 5229 est
992 5180 1065 5227 esse
1090 5183 1109 5227 e
1156 5158 1264 5227 modo
1282 5160 1505 5231 interierunt.

123 5264 341 5353 Republica,
382 5262 492 5332 altera
514 5286 597 5331 vern
620 5262 828 5333 clementior
857 5275 893 5332 et
914 5256 1108 5331 honestior.
1257 5258 1408 5331 Causam
1425 5272 1542 5331 autem
1560 5256 1652 5330 hanc
1673 5272 1859 5349 esseputo,
1885 5256 2136 5331 ruminteriora

124 5366 195 5439 Sed
210 5390 291 5437 cum
309 5367 374 5438 ista
390 5364 627 5435 controversia
643 5364 838 5457 graviorne
852 5362 1033 5435 dillicilior
1050 5362 1109 5449 sit,
1158 5374 1192 5433 et
1209 5361 1377 5434 crassiora
1392 5362 1560 5434 intestina
1576 5362 1685 5435 elluso
1698 5376 1801 5449 suut,
1828 5362 1923 5454 quod
1948 5360 1987 5432 lit
2009 5361 2050 5431 in
2073 5380 2136 5427 rua·
