4546 5760
634 87 641 105 ’
713 153 1031 258 cremnon
1081 153 1189 228 mn
1214 91 1296 234 ιι.Χ
1938 163 2016 276 ω.
2057 264 2071 290 ⁸
2134 154 2137 159 ·

103 349 278 417 oratione
299 343 565 421 Demosthenis
586 342 632 415 de
656 339 871 434 comperta
891 341 934 410 in
1024 324 1073 401 Et
1089 351 1178 421 quos
1193 322 1385 401 Ambrosia
1400 332 1518 418 dulci,
1541 334 1698 429 vinoque
1713 337 1863 429 rigarat,

377 451 574 546 legatione.
1074 428 1129 500 Ne
1145 433 1236 502 desit
1248 433 1344 503 succi
1360 433 1460 526 eopia
1476 434 1573 526 larga
1585 438 1684 513 honi.

1023 528 1095 602 Hei
1108 529 1199 603 mihi
1216 558 1280 606 eur
1295 547 1413 606 tantae
1425 560 1501 606 non
1516 540 1569 611 uti
1585 564 1735 611 munere
1748 541 1870 626 divae,

1072 633 1240 706 Difficilis
1254 638 1384 708 medici
1397 661 1455 707 me
1470 662 1564 710 nova
1578 665 1662 714 eura
1679 643 1789 717 siniti

1022 732 1097 806 Has
1113 733 1205 807 mihi
1218 740 1280 833 qui
1295 740 1398 811 toties
1412 742 1538 812 ferales
1552 743 1640 818 dicit
1658 748 1805 837 epodas,

1074 837 1240 912 Caseolos
1252 841 1403 913 Veneris
1419 843 1502 915 dira·
1513 869 1652 917 venena
1667 862 1780 940 putes.

94 621 130 669 oa
156 622 231 670 non
257 578 403 692 prorsus
429 601 525 671 volat
549 600 644 669 sama
671 622 735 690 per
759 616 880 680 auras,

94 722 142 773 ue
167 715 220 772 est
244 702 370 774 iudicii
393 703 509 773 divini
535 703 667 772 nuncia
692 723 806 793 saepe.

94 1070 151 1146 to.
422 1044 423 1049 ‘
807 1097 857 1140 m.
874 1073 969 1140 1538.

94 1172 149 1209 Ν

694 1180 699 1189 ·
789 1163 962 1194 m

1021 1206 1087 1279 No.
1107 1208 1191 1282 149.
1794 1223 2002 1306 (mosao)

94 1272 130 1327 od
144 1271 273 1328 Vincent.
285 1270 377 1340 pos..
396 1270 443 1341 qui
455 1269 596 1340 adscripsit
608 1288 652 1327 an.
665 1267 740 1323 toto.
765 1267 803 1322 Le
821 1269 877 1323 itur
888 1267 969 1323 etiam
1029 1305 1200 1333 Μ

94 1358 146 1397 :um
161 1336 778 1410 Melrh.Acontiicarmiueinlibro:,‚Phil.
823 1338 970 1393 choratio·
1234 1405 1241 1419 .
1580 1377 1588 1393 .
1819 1321 1854 1350 ““
1897 1330 1903 1350 “
1943 1319 1992 1352 ⁵

94 1428 130 1466 ns
150 1428 263 1471 omnes,
290 1411 333 1464 ed.
357 1409 419 1464 Nic.
440 1407 617 1467 Gerbeiius.”
664 1409 811 1480 degentes.
832 1409 910 1463 1542.
941 1409 969 1462 4.
1091 1404 1165 1476 Opq.
1182 1403 1264 1460 Basti.
1281 1405 1315 1464 T.
1331 1405 1366 1460 V.
1388 1424 1416 1479 p.
1433 1407 1496 1464 333.
1531 1413 1612 1482 Apud
1629 1411 1759 1474 vincent.
1779 1412 1865 1488 μω.
1901 1413 1969 1469 item
1983 1431 2011 1467 m
2091 1440 2096 1444 ·

94 1503 109 1537 ι.
124 1479 187 1538 817,
363 1503 366 1507 >
432 1503 443 1517 ·
530 1488 532 1493 ·
1122 1470 1240 1544 seriptis
1258 1477 1335 1548 pubi.
1347 1476 1428 1536 Tom.
1442 1479 1463 1534 Ι.
1481 1499 1506 1553 p.
1519 1480 1582 1536 432.

94 1638 266 1734 pioedioo
301 1633 517 1709 Melchiorie
545 1634 697 1705 Acontii
730 1630 779 1705 de
811 1636 967 1704 Eroemo
1019 1635 1168 1707 Solonis
1193 1636 1336 1731 elegio,
1364 1641 1527 1712 citatae
1552 1642 1826 1735 Demosthene,
1854 1643 1901 1717 de
1917 1665 2010 1716 ooo·

237 1736 486 1813 Roterodomo
513 1741 710 1828 scriptum·
1018 1741 1073 1809 sio
1103 1758 1200 1830 quae
1232 1733 1421 1831 adferunt
1449 1746 1612 1817 exitium
1636 1752 1765 1844 requie
1790 1757 1831 1820 et
1858 1751 2011 1844 moqnis

94 1894 152 1964 [vis
162 1894 298 1984 ingrata
310 1906 363 1964 est
372 1887 560 1961 hominum
570 1902 715 1968 natura,
735 1911 967 1984 necunquam
1173 1839 1409 1955 ⁰‘v⁸t‘⁸.t⁸b¹⁸⁸²
1444 1866 1624 1920 ‘mmmm'
1641 1871 1666 1920 α
1681 1849 1750 1921 Ph·
1766 1852 1858 1924 Mei·

94 1998 195 2068 idere
212 1995 447 2088 promeritis,
473 1993 627 2084 praemia
642 1992 731 2061 iusta
749 1991 850 2063 solet.
1019 1990 1102 2062 Non
1117 1991 1244 2060 urbem
1260 1991 1380 2082 superi
1397 1994 1546 2086 cupiunt
1562 2011 1718 2068 evertere
1733 2013 1910 2083 nostram,

104 2114 223 2170 tamen
240 2097 362 2167 laudes
377 2108 471 2165 aetas
487 2095 644 2164 abolebit
659 2090 816 2177 Erasmi‚
1070 2090 1119 2163 Et
1132 2093 1256 2179 nobis,
1291 2093 1361 2162 nisi
1377 2095 1450 2165 sint
1462 2096 1619 2170 Numina
1635 2101 1747 2182 laesa,
1777 2102 1907 2174 favent.

94 2201 276 2272 „omnino
292 2199 383 2268 mori
397 2195 509 2287 gloria
528 2221 610 2266 vera
626 2208 751 2287 potest.
945 2290 948 2295 1
1021 2194 1073 2262 Ac
1089 2207 1230 2264 nostrae
1246 2208 1363 2264 custos
1377 2200 1467 2268 arcis
1482 2199 1647 2272 Tritonia
1664 2201 1800 2285 Pallas,

94 2323 201 2376 orum
219 2302 354 2374 utilitas
372 2300 496 2389 ingens
512 2299 653 2369 fastidia
668 2299 802 2380 vincet,
1070 2294 1244 2387 Perpetua
1260 2321 1343 2383 cura
1358 2303 1497 2371 moenia
1516 2319 1637 2374 nostra
1652 2305 1747 2394 tegit.
1785 2342 1791 2353 ¹

94 2407 218 2476 mixtae
235 2398 417 2486 Charites,
450 2413 484 2470 et
497 2402 594 2470 nitor
609 2415 714 2494 atque
728 2398 837 2490 lepos.
1021 2396 1093 2490 ipsi
1110 2401 1172 2467 sed
1186 2398 1336 2489 patriam
1350 2400 1525 2473 sceleratis
1541 2407 1721 2476 mentibus
1738 2406 1832 2476 ultro

96 2509 191 2578 liena
206 2519 336 2596 augent
350 2505 459 2594 igitur
472 2503 660 2595 praeconia
675 2503 823 2584 famam,
1067 2497 1254 2570 Conantur
1269 2501 1361 2570 cives
1378 2503 1569 2575 dilacerare
1587 2530 1698 2581 suam.

94 2634 226 2683 fluum
241 2609 377 2700 peperit
395 2594 478 2675 nam
494 2607 600 2675 decus
616 2605 690 2696 ipse
705 2604 786 2674 sibi.
1020 2600 1110 2671 Nam
1126 2602 1243 2692 precio
1259 2603 1402 2696 quidam
1420 2609 1581 2679 venduut
1596 2609 1757 2705 legesque
1773 2611 1968 2704 fidemque,

94 2738 180 2783 men
189 2729 241 2784 est
250 2712 360 2803 pietas
371 2708 505 2779 meritis
514 2702 611 2777 hune
625 2708 771 2778 reddere
781 2699 968 2787 honorem,
1072 2698 1212 2774 Aurum
1233 2705 1295 2798 qui
1309 2706 1410 2776 nullo
1427 2709 1504 2778 iure
1520 2713 1697 2806 modoque
1712 2728 1846 2804 petunt.

94 2828 192 2908 grata
207 2836 337 2883 munus
354 2834 438 2880 voce
455 2811 587 2879 referre
602 2813 736 2884 datum.
1020 2804 1211 2876 Saevitiam
1230 2820 1412 2893 exercent,
1444 2825 1478 2881 et
1495 2814 1609 2884 tristia
1629 2816 1775 2884 crimina
1792 2811 1959 2912 caedis¹)‚
2062 2908 2069 2916 „

94 2917 191 2987 nimo
208 2939 349 2985 carmen
365 2913 539 2983 facundus
553 2908 729 2983 Acontius
747 2908 837 2987 edit,
1071 2905 1200 2979 lnduat
1216 2921 1257 2978 ut
1273 2908 1386 2978 iustus
1402 2912 1539 2983 civibus
1556 2938 1652 2984 arma
1669 2918 1783 2992 dolor.

94 3045 112 3090 o
126 3020 281 3089 celebrat
297 3017 419 3088 laudes
434 3012 674 3086 Roterodame
688 3027 783 3096 tuas,
1019 3007 1106 3078 Pars
1120 3012 1238 3089 studet
1251 3024 1287 3080 et
1301 3012 1437 3081 sancire
1453 3016 1642 3086 domestica
1658 3020 1785 3090 damna
1800 3021 1951 3110 rapinis,

94 3146 163 3192 ena
179 3122 325 3211 indigna
345 3133 417 3203 est,
440 3142 529 3211 quae
544 3140 711 3206 magnum
731 3126 845 3186 cantet
859 3107 965 3181 Eras-
1067 3106 1243 3208 Exhausit
1257 3112 1388 3203 patrias
1403 3139 1482 3184 cum
1498 3119 1591 3186 male
1604 3119 1708 3189 luxns
1724 3143 1819 3212 opes.

487 3241 606 3303 mum,
1019 3210 1273 3306 Diripiuntque
1288 3213 1388 3284 urhis
1404 3219 1616 3309 patrimonia
1630 3223 1772 3313 publiea
1787 3236 1937 3296 nostrae.
2024 3311 2025 3316 ἵ

94 3327 150 3398 icii
167 3326 306 3395 laudem
322 3324 382 3393 sed
396 3319 508 3410 magis
529 3320 588 3389 ille
610 3319 708 3410 petit.
1069 3311 1117 3383 Et
1132 3316 1200 3383 sibi
1217 3316 1359 3385 divitias
1375 3320 1479 3412 vique
1495 3321 1649 3414 doloque
1666 3338 1801 3415 parant.

1019 3412 1067 3487 Et
1082 3440 1157 3485 non
1172 3416 1327 3488 iustitiae
1342 3420 1537 3493 formidant
1551 3449 1685 3495 numen
1701 3443 1734 3498 et
1749 3429 1858 3506 iram,

1068 3515 1237 3588 Consiliis
1254 3542 1427 3610 superum·
1437 3549 1527 3616 quae
1545 3526 1622 3596 Dea
1637 3552 1774 3621 semper
1791 3531 1898 3599 adest.

166 3657 168 3661 -
1018 3617 1112 3689 Haec
1127 3619 1240 3713 oculis
1255 3622 1368 3692 cernit
1381 3624 1611 3716 vigilantibus
1625 3631 1744 3700 omnia
1761 3632 1870 3711 iacta,

94 3727 145 3803 ῃ,
794 3746 842 3792 an.
859 3725 950 3788 1538.
1066 3721 1180 3793 Nemo
1199 3737 1299 3813 putet
1314 3724 1390 3795 salli
1404 3726 1559 3800 Numina
1570 3729 1599 3825 ²)
1618 3756 1720 3824 posse
1735 3731 1862 3810 Deum.

786 3814 958 3844 'A'
1015 3819 1064 3893 Et
1080 3825 1241 3917 quamvis
1258 3850 1388 3918 poenas
1404 3831 1522 3902 differt
1534 3834 1745 3926 aliquando,
1770 3849 1945 3930 tacetque:

94 3930 124 3985 od
142 3922 433 4006 vincen1.p.1so.-
468 3919 558 3974 Locus
571 3936 610 3971 ex
623 3917 781 3970 Menandro
803 3919 855 4000 jam
876 3917 965 3972 adsuit
1067 3926 1320 3997 Menteqamdn
1336 3934 1484 4003 memori
1498 3935 1587 4007 facta
1603 3939 1755 4007 nefanda
1777 3952 1886 4010 nom·

94 4019 104 4052 1
128 3997 240 4072 epistola
263 3995 298 4047 ad
321 3995 414 4046 Votum
432 3988 608 4044 Theodorum
630 3989 689 4042 Vol.
702 3987 748 4041 ΙΙΙ.
767 3997 845 4059 epist.
867 3990 963 4059 noso.

94 4071 131 4122 'ro
155 4064 321 4136 „proximus
350 4070 391 4116 est
417 4058 515 4113 locus”
541 4056 767 4111 Vincent.'dedit
794 4075 895 4179 „qr-01,
925 4067 964 4112 αι
1015 4024 1339 4117 Exigiietlandem
1355 4057 1504 4124 poenas,
1537 4061 1611 4107 non
1626 4062 1733 4130 regna
1748 4064 1812 4112 nec
1828 4041 1934 4112 urbes

94 4135 197 4206 Μ’,
213 4144 239 4189 ⁸²
255 4152 334 4190 ’πω
348 4149 404 4202 ⁸⁸t·
419 4139 462 4183 ²³⁶
475 4138 537 4201 ΡΜ
548 4129 705 4182 “dmm
719 4144 775 4179 ¹¹⁰⁰
787 4126 819 4180 ¹¹³
840 4134 875 4180 ⁸¹·
1067 4127 1253 4220 Effugiunt
1267 4133 1403 4220 clades,
1438 4162 1525 4232 quas
1539 4163 1718 4227 meruere,
1751 4167 1883 4232 graves.

1014 4230 1110 4302 Hinc
1125 4237 1210 4303 urbs
1225 4235 1361 4306 divitiis
1378 4243 1576 4332 quondam,
1602 4245 1822 4338 imperioque
1840 4249 2002 4342 superba,

1065 4333 1209 4406 Servitii
1226 4338 1358 4427 patitur
1372 4340 1483 4412 tristia
1501 4344 1576 4414 iura
1594 4349 1710 4420 modo.

1014 4433 1089 4507 Aut
1104 4438 1220 4508 rabidi
1236 4439 1331 4509 cives
1344 4441 1383 4510 in
1399 4458 1520 4516 mutua
1537 4449 1683 4518 vulnera
1699 4447 1879 4538 stringunt

1067 4534 1198 4608 Exorta
1214 4542 1349 4630 gladios
1365 4547 1537 4618 seditione
1553 4573 1645 4624 suos.

1013 4633 1087 4710 Aut
1101 4642 1237 4711 validos
1253 4638 1371 4714 hostes
1383 4648 1459 4720 sine
1475 4674 1576 4720 causa
1593 4655 1682 4721 forte
1702 4652 1897 4738 lacessunt,

1063 4740 1296 4838 Sopitumque
1308 4764 1453 4820 movent
1468 4754 1563 4843 quod
1579 4754 1648 4822 fuit
1663 4768 1744 4824 ante
1760 4756 1904 4830 malum.

238 4880 487 4966 Praeceptum
511 4863 690 4968 dytsieov.
717 4922 729 4939 .
1010 4842 1173 4940 Namque
1187 4850 1292 4929 urbs,
1319 4875 1407 4944 quae
1420 4854 1533 4922 socios
1545 4854 1685 4925 iniustis
1701 4863 1868 4946 provocat
1881 4859 1998 4941 armis,
2014 4898 2026 4913 =

1059 4944 1148 5018 Mox
1161 4963 1259 5037 ruet,
1287 4966 1321 5024 et
1338 4953 1465 5024 subitis
1481 4969 1532 5025 est
1547 4957 1701 5048 peritura
1718 4959 1846 5033 modis.

94 4515 143 4588 i8.
782 4536 831 4575 on.
854 4517 946 4580 1538.

94 4617 125 4640 ν
773 4613 959 4655 Μ

94 4736 151 4792 >pp-
164 4715 246 4770 Basil.
260 4714 294 4766 Τ.
309 4711 340 4766 V.
356 4729 384 4782 p.
394 4709 454 4767 855.
472 4717 498 4762 et
512 4705 583 4780 apud
597 4704 726 4759 Vinesot.
741 4725 767 4776 p.
785 4711 842 4765 tto,

94 5057 134 5106 os
147 5025 237 5102 mihi
254 5031 377 5121 pulcra
392 5026 514 5094 Venus
529 5025 683 5095 donabat
698 5024 869 5112 edendos,

93 5139 152 5209 ula
169 5156 258 5230 quos
273 5132 392 5221 digitis
407 5140 579 5220 presserat
595 5127 671 5218 ipsa
685 5127 769 5196 suis.

94 5267 122 5311 te
138 5241 332 5328 fragrantes
348 5234 478 5327 quibus
492 5232 760 5322 intersperserat
777 5223 924 5317 herbas,
1044 5207 1308 5349 ”sgssipgfmdssl
1323 5214 1507 5324 (⁰1²¹thae
1537 5219 1689 5286 tyrannide
1717 5220 1831 5286 quonam
1860 5216 1940 5271 Bait.
1971 5230 1997 5272 et

94 5345 164 5424 qa,
190 5340 418 5418 samsucum,
443 5331 586 5406 Cirsion
602 5346 706 5428 atque
723 5356 837 5419 rosas,
1040 5363 1072 5434 2)
1089 5370 1225 5430 namma]
1242 5367 1351 5420 tamma
1370 5366 1451 5423 Bait.
