4546 5760
122 141 196 225 iss
910 136 1363 225 surennunnra

120 319 225 405 fecit,
250 318 282 392 si
299 314 437 391 occasio
458 315 648 405 incideret,
670 328 708 391 te
729 340 806 389 non
827 312 1010 395 illibenter
1030 342 1108 393 ms·
1296 385 1301 397 .
1490 318 1653 407 ANNO
1682 328 1821 415 lddl.
1893 382 1896 387 .

122 450 204 501 eum
217 426 263 497 de
277 416 335 493 bis
349 422 457 493 rebus
470 422 582 493 amice
602 419 904 517 colloquutnrum.
952 423 1045 496 Nam
1070 438 1106 497 et
1390 454 1449 529 (gg
1467 472 1518 518 gg,
1535 458 1618 521 ως,
1636 458 1703 523 νοι-
1717 464 1767 525 Ν,
1787 482 1816 543 β
1834 466 1911 540 m)

120 528 198 623 ipse
211 528 377 621 pietatem
393 536 491 597 tuam
512 523 554 595 in
574 522 725 618 patriam
739 536 775 595 et
787 520 983 598 Ecclesiam
1001 526 1107 597 miri-
1153 520 1223 599 No.
1239 524 1354 604 tiso.
1707 544 1711 551 '

120 630 187 703 bce
207 624 386 713 laudavit,
422 640 499 699 tnm
520 626 723 715 etiamjnon
745 650 820 699 esse
840 628 964 725 inique
983 630 1106 702 deme
1166 620 1341 657 Ἃ

120 731 303 827 opinione.
359 726 435 801 Iam
464 730 560 801 inter
589 728 760 825 pauculos
790 731 868 803 dies
900 732 1105 805 abeundum

121 831 213 906 mihi
236 824 533 905 Darmsfadium
558 846 629 920 est,
661 830 727 902 ubi
748 832 968 907 conveniunt
998 833 1104 925 legati

110 928 329 1009 hostrorum
347 936 549 1029 principum
562 946 597 1007 ct
613 934 817 1021 civitatum,
832 938 904 1008 scio
919 950 1060 1022 autem,
1074 935 1105 1005 si
2131 1015 2146 1033 .

122 1040 187 1113 abs
212 1051 247 1111 te
267 1061 342 1109 nou
365 1060 519 1109 orassem
537 1034 574 1132 ¹)
597 1036 835 1131 colloquium,
870 1038 908 1108 id
927 1037 1104 1127 illustriss.
1256 1021 1485 1149 yvfffwffl
1515 1048 1640 1154 {⁶⁸1⁰ch
1653 1052 1774 1159 ἓξὲξ.
1805 1042 1963 1165 gfflffifip
1980 1014 2146 1128 Mete·

121 1139 324 1235 Principem
338 1138 525 1213 Cattorum
540 1161 643 1227 segre
664 1139 820 1209 laturum
843 1162 928 1213 csse.
977 1138 1105 1211 Fretus
1256 1134 1349 1219 ιιίιιῑ.
1367 1190 1401 1209 -
1434 1136 1508 1222 rufo
1522 1166 1666 1239 φὶιιοιιιιι
1685 1120 1898 1233 aedicetthtio
1911 1114 2146 1249 filliis-&2¹⁴

120 1244 242 1337 itaque
259 1257 320 1314 tua
335 1242 493 1313 bonitate
507 1256 542 1313 et
556 1240 675 1312 studio
698 1240 737 1309 in
751 1242 902 1333 petriam
917 1254 1023 1337 atque
1038 1266 1105 1335 po·
1258 1240 1343 1304 ptam.

119 1346 247 1439 pulum
268 1340 424 1432 Christi,
455 1343 555 1415 volui
574 1344 642 1415 ista
670 1344 716 1413 ad
737 1356 773 1413 te
793 1344 967 1425 scribere,
998 1357 1106 1436 atque

118 1470 224 1521 orare
238 1468 304 1539 per
317 1440 522 1531 Christum,
541 1460 598 1531 ut,
616 1444 645 1513 si
661 1468 724 1537 per
738 1446 880 1535 negotia
892 1444 969 1515 fieri
984 1458 1106 1541 queat,

120 1548 289 1623 admittas
306 1570 363 1618 me
385 1550 428 1619 ad
455 1546 674 1641 colloquium
696 1546 904 1642 priusquam
919 1547 1105 1617 disceden-

121 1656 208 1725 dum
233 1650 280 1722 sit
300 1651 345 1720 ad
365 1664 528 1721 nostrum
544 1661 759 1719 conventum
780 1661 814 1719 et
827 1648 1106 1739 Landgravium.

120 1746 273 1846 lstic²),
309 1752 441 1839 fateor,
479 1751 566 1821 citra
588 1749 825 1842 suspicionem
848 1750 1017 1843 congredi
1037 1774 1105 1821 no-
1155 1735 1286 1823 Gratia
1296 1764 1331 1823 et
1347 1774 1415 1843 pax
1433 1767 1540 1847 atque
1554 1756 1700 1847 spiritns
1712 1762 1924 1850 prudentiae
1941 1780 1978 1840 et
1992 1766 2143 1847 charit..

118 1856 176 1928 bis
193 1878 268 1926 non
284 1853 388 1925 facile
403 1852 487 1938 erit,
511 1855 572 1923 sed
588 1867 641 1924 est
667 1874 777 1944 pagus
798 1852 946 1946 quidam
966 1852 1104 1924 vicinus
1155 1856 1201 1926 tis
1226 1854 1328 1925 vobis
1348 1867 1546 1943 augeantur
1563 1880 1585 1929 a
1605 1857 1788 1949 Domino,
1817 1864 1946 1939 fratrea
1969 1874 2140 1949 carissimi

119 1954 310 2049 Hagenoae
323 1946 596 2051 Br'scbweylsr,
619 1954 685 2025 ubi
705 1949 845 2026 habitet
867 1949 977 2025 bomo
997 1978 1105 2049 eque·
1155 1971 1263 2051 atque
1279 1956 1507 2031 observandi.

119 2060 203 2131 stris
225 2058 363 2129 ordinis
375 2048 589 2128 Ladonisus
603 2052 653 2125 ab
668 2047 883 2139 Escbnow,
907 2056 972 2152 qui
989 2054 1106 2127 consi·
1257 2055 1409 2129 Movcor
1422 2083 1479 2127 me
1496 2054 1601 2131 isthic
1624 2074 1659 2135 et
1675 2063 1761 2139 alibi
1783 2092 1858 2141 nna
1880 2096 1963 2147 cum
1985 2074 2141 2153 Domino

120 2162 245 2233 liarius
272 2174 324 2231 est
346 2157 518 2253 principis
538 2151 694 2231 Palatini
715 2154 913 2244 Electoris,
933 2158 990 2227 vir
1012 2158 1105 2228 lidus
1155 2150 1342 2241 Latisero,
1366 2151 1545 2258 Philippo
1570 2175 1606 2233 et
1627 2164 1766 2261 aliquot
1782 2166 2141 2253 Ecclesiasticislles·

119 2278 156 2336 et
178 2258 347 2353 integer,-
362 2274 579 2333 secretorum
604 2257 860 2335 tenacissimus.
914 2254 971 2330 Eo
993 2260 1107 2353 possit
1155 2262 1258 2332 siacis
1273 2262 1431 2348 traduci,
1457 2263 1558 2356 quasi
1582 2256 1858 2364 landgravius
1885 2290 2011 2349 nostro
2027 2288 2139 2359 consi·

118 2364 165 2441 D.
180 2362 227 2435 T.
244 2362 346 2458 quasi
361 2362 474 2433 animi
488 2384 591 2433 causa
605 2364 744 2453 egredi,
765 2362 940 2433 maneval
955 2362 1105 2453 vesperi.
1154 2364 1206 2434 lio
1239 2363 1474 2433 concubinam
1507 2364 1710 2441 adiunxerit
1740 2373 1827 2461 sibi,
1858 2400 1930 2471 qua
1961 2403 2038 2453 nna
2064 2408 2139 2455 cum

118 2464 158 2539 Si
174 2462 244 2537 hoc
266 2466 336 2535 loci
352 2464 544 2537 convenire
563 2466 693 2550 libeat,
716 2462 773 2533 vel
786 2462 856 2533 alia
874 2486 1105 2557 quaecunque
1155 2488 1266 2535 uxore
1292 2476 1413 2535 utetur
1434 2465 1612 2557 legitima,
1645 2494 1782 2567 nosque
1802 2478 1897 2549 istud
1922 2480 2061 2553 factum
2081 2488 2139 2557 de·

119 2569 212 2641 ratio
236 2591 294 2637 me
322 2566 535 2639 admittendi
558 2567 710 2657 placeat,
744 2587 851 2655 rogo,
879 2564 936 2633 vel
960 2566 1105 2645 scribas,
1155 2568 1301 2637 fenderc
1331 2566 1462 2658 scripto
1495 2568 1671 2641 foliorum'
1685 2574 1746 2649 66.
1795 2576 1870 2651 Nec
1894 2582 2050 2671 desunt,
2081 2586 2139 2683 qni

119 2672 176 2769 vel
202 2664 305 2752 huic,
329 2663 480 2763 quibas
503 2662 661 2753 exhibet,
685 2666 843 2753 indices,
874 2666 937 2760 qui
957 2690 1105 2759 respon·
1154 2668 1350 2741 admodum
1364 2661 1608 2741 inhumaniter
1622 2687 1656 2745 et
1675 2676 1868 2771 obiurgant
1887 2696 1924 2755 et
1946 2684 2139 2761 ariminen.

119 2766 314 2843 sumtuum
331 2768 514 2841 bonafide
533 2771 579 2840 ad
599 2791 656 2839 me
675 2768 823 2859 perferri
838 2768 987 2839 curabit.
1039 2766 1106 2839 Est
1155 2784 1216 2841 tur
1237 2768 1367 2854 etiarn,
1396 2781 1566 2864 tanquam
1594 2778 1749 2849 convicti
1771 2774 1880 2862 huius
1903 2784 1957 2857 rei
1977 2808 2138 2869 eminus.

120 2874 216 2943 enim
225 2867 334 2942 homo
350 2870 550 2967 exploratae
564 2866 702 2967 fider),
727 2885 762 2943 et
777 2870 914 2964 aliquot
929 2870 1005 2940 dies
1021 2894 1105 2963 pro·
1154 2870 1289 2965 Scripsi
1306 2887 1398 2944 -ante
1422 2867 1488 2941 hac
1512 2874 1615 2946 vobis
1639 2878 1686 2949 de
1709 2880 1776 2953 ista
1795 2908 1919 2973 musa,
1941 2911 2036 2981 quaa
2059 2866 2138 2969 intr

119 2989 199 3069 pter
212 2986 395 3065 aegrotum
411 2972 590 3067 quendam
606 2974 665 3043 cui
680 2972 835 3043 remedia
851 2966 1012 3057 exbibet,
1035 2976 1105 3065 (est
1155 2996 1229 3044 esse
1245 2986 1410 3065 poterant
1422 2973 1613 3065 iratribus,
1635 2980 1696 3073 qui
1713 2982 1820 3055 fidem
1835 3000 2016 3077 nostram,
2040 2992 2138 3066 labo.

119 3078 216 3149 enim
240 3076 398 3145 medicus
416 3076 613 3145 admodum
630 3077 754 3147 doetus
776 3087 812 3145 et
829 3070 1000 3166 diligens)
1025 3074 1105 3143 istic
1157 3098 1214 3145 res
1245 3086 1282 3145 et
1306 3075 1585 3146 sollicitudinem
1616 3104 1683 3171 pro
1704 3080 1875 3159 Ecclesiis
1900 3086 1968 3161 Dei
1998 3110 2141 3183 nornng

119 3174 292 3250 haerebit.
342 3175 448 3248 Sexta
468 3200 554 3247 vero
577 3174 675 3247 funii
698 3176 904 3247 abeundum
923 3170 1016 3245 mihi
1038 3176 1106 3245 erit
1154 3178 1289 3271 quique
1322 3176 1538 3249 offendicula
1566 3180 1612 3249 ab
1631 3178 1802 3259 Ecclesiis
1832 3213 2037 3281 removere,
2068 3220 2139 3271 non

120 3282 165 3351 ad
182 3290 398 3350 conventum
413 3278 690 3353 Darmstadium.
738 3278 785 3349 D.
803 3276 849 3348 Τ.
865 3276 954 3347 boni
975 3300 1106 3347 oonsu-
1154 3302 1300 3369 sugero.
1333 3278 1504 3372 cupiunt,
1536 3282 1599 3375 qui
1623 3286 1796 3381 denique,
1828 3303 1870 3364 ut
1889 3306 1943 3365 est
1960 3288 2140 3373 charitatis

120 3382 172 3456 lat
206 3402 319 3450 meam
359 3380 556 3454 audaciam.
614 3376 710 3451 Cura
739 3377 877 3471 patriae
910 3392 947 3449 et
977 3376 1105 3451 Eccle·
1153 3376 1307 3466 Christi,
1332 3380 1426 3453 mala
1442 3380 1590 3452 fratrum
1604 3407 1729 3457 sanare
1755 3390 1998 3488 potiusquam
2020 3398 2140 3495 inqui.

121 3485 193 3555 siae
225 3506 283 3551 me
315 3482 492 3556 sollicitat.
551 3480 691 3553 Vereor
714 3493 756 3553 nt
789 3480 904 3551 nostri
926 3480 1106 3575 principes
1153 3507 1233 3555 rere
1256 3483 1410 3554 student.
1467 3480 1602 3555 Verum
1624 3488 1712 3559 dum
1735 3492 1860 3579 video,
1890 3496 1953 3568 illa
1976 3502 2140 3575 nondun

120 3587 374 3679 perturbentur
402 3584 531 3655 frustra
551 3608 615 3674 per
637 3577 801 3654 homines
818 3584 990 3677 quosdam
1013 3583 1105 3653 male
1154 3584 1381 3667 satisfecisse,
1430 3583 1582 3654 scribam
1611 3588 1716 3681 plura
1749 3606 1784 3665 et
1811 3594 1994 3687 planiora,
2035 3579 2140 3699 idque¹

120 3687 344 3771 consiliatos,
389 3709 460 3778 quo
488 3685 609 3756 minus
641 3708 679 3755 se
714 3684 878 3757 instituto
912 3684 1106 3753 conventui
1153 3684 1258 3756 vobis
1280 3705 1399 3755 coram
1423 3682 1582 3757 Domino
1608 3691 1766 3781 affirmo,
1786 3718 1904 3791 neque
1925 3724 2006 3789 sne,
2028 3728 2141 3799 nequa

120 3790 265 3859 credere
285 3785 423 3870 ausint,
455 3786 563 3881 idque
588 3786 653 3859 toti
677 3786 821 3875 negotio
838 3808 966 3855 nocere
983 3785 1106 3855 videa-
1153 3776 1364 3857 Lutfsernm
1395 3801 1457 3858 aut
1491 3778 1728 3889 Philippum,
1762 3821 1899 3891 neque,
1926 3808 2029 3893 quad
2053 3806 2141 3879 scin

120 3906 190 3961 tur.
222 3888 294 3961 Sed
312 3890 355 3960 de
372 3883 448 3973 his,
473 3888 506 3957 si
520 3888 615 3961 volet
627 3884 967 3973 Dominus‚coram.
998 3882 1106 3957 Chri-
1155 3888 1321 3981 equidem
1342 3888 1540 3980 potuerim,
1564 3914 1780 3986 quemquam
1791 3896 1979 3975 Hessicum
1997 3908 2141 3983 concio-

119 4002 193 4063 stus
215 4004 251 4061 te
278 4003 392 4061 servet
412 3988 448 4059 'et
470 3989 607 4060 felicem
629 3992 764 4063 reddat.
821 3990 1013 4079 Argentor.
1030 3990 1107 4083 pri-
1154 4004 1315 4063 natorem
1341 3990 1495 4084 principi
1525 3987 1610 4064 huie
1633 3998 1704 4067 tale
1723 4001 1914 4076 consilium
1935 4006 2057 4083 ullum
2079 4012 2141 4093 de-

119 4094 179 4163 die
193 4090 343 4167 Calend.
360 4090 458 4163 lunii
476 4090 562 4163 MD
571 4091 655 4167 XL.
1154 4094 1266 4172 disse.
1304 4106 1366 4163 ant
1395 4086 1526 4163 habere
1551 4089 1765 4172 Christianis
1789 4106 2031 4182 concubinam
2047 4087 2140 4195 cnm

716 4221 813 4311 ΒΤ
842 4240 990 4312 dediti„
1154 4194 1326 4267 uxoribus
1346 4194 1451 4265 licere
1473 4194 1654 4285 docuisse,
1691 4215 1753 4274 sut
1776 4204 2044 4286 defendendu-
2064 4236 2141 4299 sers-

752 4292 761 4311 ‘
813 4292 823 4315 ⁰
993 4294 1003 4311 “
1154 4296 1299 4389 cepisse.
1350 4292 1423 4367 Nee
1436 4320 1597 4397 unquam
1617 4302 1871 4395 animadverti,
1895 4304 1997 4383 bunc
2008 4314 2141 4407 prinei·

1155 4422 1235 4492 pem
1252 4396 1413 4468 statuisse
1430 4398 1522 4469 istud
1541 4400 1689 4491 dogma,
1714 4406 1772 4477 vel
1788 4408 1880 4481 facto
1897 4412 1954 4485 vel
1970 4416 2083 4491 verbo
2102 4418 2141 4492 in

1154 4496 1351 4571 Ecclesiam
1377 4493 1557 4577 invehere.
1615 4504 1657 4575 si
1687 4506 1775 4599 qnid
1797 4524 1914 4583 autem
1936 4512 2002 4585 ille
2022 4518 2142 4596 fecerit

155 4630 181 4697 ι)
199 4626 264 4681 tter.
283 4632 409 4693 armet,
427 4624 503 4697 qood
524 4620 688 4679 mutorum
706 4620 803 4676 tanea
1154 4602 1259 4671 affine
1274 4594 1377 4686 buic,
1400 4624 1448 4671 an
1464 4625 1583 4688 secus,
1608 4606 1719 4677 malui
1741 4632 1806 4701 ego
1822 4612 1860 4683 id
1875 4618 1974 4708 quod
1988 4599 2143 4695 offendi.¹

152 4712 270 4783 ηΜιι.
289 4710 371 4775 trra.
387 4710 639 4781 poemenionem
652 4717 728 4779 puro.
763 4706 986 4781 trievitulus,
1002 4708 1107 4765 calvet
1154 4704 1236 4775 culo
1252 4724 1326 4773 esse
1342 4704 1454 4793 possit
1467 4717 1582 4795 tegere
1606 4731 1712 4802 quam
1729 4713 1950 4803 praedicare,
1968 4732 2007 4794 et
2022 4722 2073 4797 ah
2087 4722 2144 4797 in.

186 4778 604 4907 pptpffinchlpgpe⁶J⁸⁸fi⁸=
622 4786 688 4847 ⁹⁰¹⁰
702 4774 859 4849 argeum.
875 4796 892 4831 “
910 4796 964 4850 ‘¹¹¹⁸
983 4780 1108 4851 P'⁰¹³¹¹¹‘
1156 4803 1347 4901 quisitione
1365 4806 1441 4877 eius
1461 4800 1632 4885 homines,
1647 4832 1812 4899 avocare,
1837 4840 1945 4911 quam
1964 4844 2046 4895 eam
2069 4826 2144 4899 nlla

1155 1390 1336 1495 Epistola
1363 1392 1537 1473 Bucari
1573 1394 1632 1473 nd
1657 1392 1860 1481 Fratres
1892 1408 2143 1493 Memmia·

1152 1522 1334 1595 gauses,
1359 1522 1402 1616 s..
1417 1496 1445 1571 1.
1471 1510 1503 1571 et
1529 1528 1567 1578 α.
1620 1492 1784 1583 Iacobus
1809 1500 1986 1613 Cliderris
2002 1524 2144 1620 Argen-

1368 1601 1811 1687 tmomHubertomisit.'
1827 1614 1939 1691 1⁶41.
2131 1641 2136 1647 '

704 4338 813 4413 Mart.
840 4340 1011 4421 Bucerus.

153 4932 186 5005 s)
204 4934 247 4989 nt
269 4931 522 5059 massmanno
541 4932 658 4991 ttuberti
680 4932 812 5005 bagred
825 4932 959 5007 scriptum
977 4944 1033 4992 en:
1066 4934 1107 4991 D.
1155 4920 1255 4999 pacto
1277 4907 1456 4982 adiuvare.
1507 4906 1630 5003 Neque
1650 4912 1746 4983 enim
1768 4912 1966 4991 Christiani
1985 4918 2143 5004 homin’u

187 5004 300 5059 trram
1155 5024 1226 5091 est,
1257 5008 1367 5080 ullius
1388 5024 1569 5100 peccatum
1593 5012 1793 5106 inquirere,
1824 5019 1896 5091 nisi
1916 5022 1977 5095 eui
2001 5028 2091 5103 velit
2109 5044 2142 5105 et

1156 5112 1283 5183 debeat
1303 5112 1500 5183 remedium
1521 5108 1708 5202 adhibere,
1738 5122 1871 5193 nedum
1890 5126 1984 5197 tanti
2006 5130 2142 5225 princi·

1157 5214 1230 5305 pis,
1256 5237 1329 5307 quo
1344 5212 1524 5285 Dominus
1538 5228 1610 5287 tam
1626 5220 1805 5308 praeclare
1819 5224 1865 5295 ad
1874 5225 2032 5317 gloriam
2046 5256 2143 5317 snam

1157 5328 1194 5387 et
1215 5314 1363 5387 salutem
1390 5317 1513 5409 populi
1539 5318 1595 5390 sui
1619 5342 1725 5414 saepe
1750 5347 1836 5398 usus
1857 5340 1923 5405 est.
1973 5326 2035 5407 Ad
2050 5336 2142 5433 ‘dnm
