4546 5760
186 167 260 245 179
544 158 797 242 SCRIPTA
826 156 905 237 AD
939 155 1140 239 vtraM
1171 154 1246 237 ΕΤ
1278 156 1519 243 OBITUM
1549 164 1854 257 MELANTH.
2157 183 2228 260 tto

189 341 429 416 criliculorum
445 337 484 412 in
500 336 660 433 Papatu,
689 339 751 409 sed
777 337 929 425 serium,
956 339 1180 409 moderatum
1234 337 1360 425 luerit,
1384 341 1446 410 sed
1470 364 1508 412 ea
1535 344 1657 416 omnia
1680 372 1744 419 ceu
1768 347 1970 422 communia
1994 352 2040 423 ad
2056 352 2226 446 cuiusvis,

190 459 331 530 tamen,
357 459 392 516 et
413 467 489 514 non
505 442 729 533 adfligente'm
744 438 1006 527 valetudinem,
1034 465 1116 510 cum
1133 438 1182 509 sic
1235 440 1340 511 etiam
1358 443 1611 529 minimorum,
1633 473 1735 540 saepe
1751 450 1857 521 etiam
1870 452 2105 544 indignorum
2122 480 2225 529 usum

191 548 259 619 ait:
294 542 446 636 τέκνον,
481 540 539 616 ἐπὶ
559 547 682 638 νεκρῷ
702 535 893 641 κατάγαγε
917 534 1084 638 δάκρυα,
1119 535 1183 612 καὶ
1235 557 1434 633 comparata
1457 559 1491 615 et
1512 550 1667 638 exposita
1693 547 1875 639 lrabuerit3
1916 578 2008 648 quae
2028 554 2145 649 ipsius
2168 560 2226 630 in-

193 645 244 730 ὥς
265 644 369 722 δεινὰ
391 640 547 739 πάσχων
563 644 690 740 ἔναρξε
705 643 881 738 θρήνων,
908 640 972 716 καὶ
985 641 1038 739 μὴ
1056 636 1183 735 decepi·
1235 643 1419 715 imitabilis
1440 648 1639 737 benignitas
1661 652 1828 743 privatim
1841 655 1990 744 singulis
2010 660 2227 750 petentibus

193 746 261 844 dat
286 747 356 844 τὴν
385 746 511 844 ταφὴν
539 745 676 833 αὐτοῦ,
711 742 775 817 καὶ
802 741 959 839 ποίησον
979 742 1022 818 τὸ
1044 742 1184 823 πένθος
1234 746 1357 816 multis
1381 748 1485 817 etiam
1501 751 1617 836 ultro,
1643 754 1743 822 omni
1764 755 1963 827 officiorum
1980 781 2109 848 genere
2123 785 2225 855 prae-

194 847 291 924 κατᾶ
309 849 379 946 τὴν
401 847 510 932 ἀξίαν
534 846 673 934 αὐτοῦ,
706 844 770 919 καὶ
790 841 1050 942 παρακλήθητι
1070 840 1184 938 λύπης
1235 847 1334 931 stita,
1368 873 1448 917 cum
1472 850 1641 924 latissime
1665 868 1788 944 vagata
1811 857 1875 942 sit,
1908 883 2005 930 mors
2028 860 2106 933 eius
2132 858 2227 937 lraud
2260 892 2264 901 ·

196 950 315 1027 ἕνεκα.
367 947 459 1024 Ἀπὸ
484 943 597 1044 λύπης
621 947 697 1049 γὰρ
716 945 878 1042 ἐκβαίνει
902 943 1087 1034 θάνατος,
1119 941 1183 1019 καὶ
1236 949 1344 1018 dubie
1362 950 1536 1039 plurimos
1553 955 1602 1023 ita
1619 959 1875 1043 commovebit,
1900 972 1942 1029 ut
1961 984 2046 1047 nos,
2071 965 2138 1057 qui
2154 981 2225 1038 tam

198 1049 294 1148 λύπη
309 1047 464 1147 scatade
483 1045 625 1145 κάμψει
644 1045 773 1144 ἰσχύν,
799 1047 868 1120 boc
883 1064 952 1122 est:
983 1051 1054 1136 fili,
1079 1071 1184 1139 super
1236 1051 1298 1120 diu
1314 1050 1352 1119 in
1368 1053 1606 1123 familiaritate
1622 1055 1769 1146 ipsiusa
1795 1059 2014 1133 iuvenilibus
2039 1068 2147 1137 annis
2171 1068 2227 1139 vi-

198 1171 340 1226 mortuo
359 1157 473 1225 deduc
487 1155 678 1248 lacrymas,
702 1167 738 1223 et
751 1165 792 1222 ut
813 1144 902 1222 dura
922 1175 1043 1242 passus
1066 1151 1182 1241 incipe
1236 1151 1351 1221 ximus
1366 1166 1401 1221 et
1414 1156 1676 1242 consenuimus,
1701 1159 1927 1229 iustissimam
1943 1165 2146 1252 gravissimi
2161 1171 2226 1240 do-

198 1258 384 1347 lugubria,
410 1270 446 1327 et
467 1279 541 1326 non
564 1255 735 1347 despicias
758 1254 976 1345 sepulturam
994 1254 1124 1344 ipsius,
1150 1265 1184 1321 et
1236 1252 1323 1322 loris
1344 1277 1482 1322 caeream
1500 1253 1631 1327 babere
1647 1261 1842 1330 confessuri
1857 1263 1938 1332 sint.

199 1359 255 1429 iac
278 1360 411 1428 luctum
436 1382 500 1448 pro
525 1357 696 1446 dignitate
719 1354 847 1445 ipsius,
886 1357 948 1424 sed
971 1353 1184 1425 consolatio-
1338 1352 1407 1424 Sed
1434 1357 1670 1429 consideratio
1692 1362 1825 1451 publici
1851 1363 2069 1437 incommodi
2084 1379 2121 1438 ct
2135 1370 2227 1460 peri-

198 1484 283 1531 nem
315 1460 421 1531 etiam
457 1460 602 1530 admitte
635 1458 736 1527 istius
761 1456 907 1530 doloris.
963 1454 1184 1527 Amoerore
1237 1454 1327 1535 culi,
1352 1460 1448 1548 quod
1472 1459 1585 1549 ipsius
1609 1461 1727 1532 obitus
1745 1459 1814 1533 boc
1833 1477 1992 1555 tempore
2009 1464 2224 1545 Academiae

200 1563 295 1633 enim
312 1561 429 1631 existit
445 1582 561 1645 mors,
586 1572 621 1629 et
634 1558 813 1630 moesticia
827 1557 959 1646 frangit
974 1561 1087 1629 robur
1104 1581 1185 1627 cor·
1238 1571 1271 1625 et
1292 1552 1473 1627 Ecclesiae
1499 1556 1583 1631 huic
1607 1563 1746 1648 attulit,
1781 1558 1877 1635 hune
1903 1567 2086 1654 dolorem,
2117 1590 2225 1665 qoem

200 1664 270 1735 dis.
321 1660 401 1733 Hoc
424 1662 520 1731 dicto
538 1660 714 1733 Siracides
736 1655 903 1751 probibet
924 1673 1123 1753 utrunque,
1149 1672 1185 1727 et
1236 1656 1394 1748 privatae
1427 1663 1695 1735 consuetudinis
1733 1666 1948 1737 desiderium
1980 1671 2094 1740 nobis
2131 1674 2226 1760 facit,

199 1765 449 1857 profanitatem
472 1758 537 1835 καὶ
559 1757 764 1861 ἀστοργίαν
785 1785 928 1847 eorum,
956 1762 1019 1854 qui
1037 1761 1184 1829 nonad-
1237 1763 1495 1850 propemodum
1512 1763 1683 1855 extinguit
1697 1780 1734 1837 et
1747 1768 1882 1851 obruit,
1906 1770 2142 1859 estaminia,
2166 1774 2226 1868 qui

200 1868 371 1937 ficiuntur
397 1888 542 1935 suorum
569 1865 689 1950 obitu,
728 1878 764 1933 et
789 1863 971 1934 clamitant
995 1863 1183 1952 indignum
1237 1875 1381 1952 propter
1413 1864 1595 1955 sanguinis
1629 1868 1685 1936 vel
1720 1869 1903 1965 affinitatis
1936 1873 2224 1945 coniunctionem

202 1991 276 2038 esse
305 1968 385 2037 viro
414 1967 519 2052 lorti,
555 1968 688 2035 nedum
713 1961 937 2049 Christiano,
968 1965 1184 2056 profundere
1237 1961 1429 2032 iustissime
1453 1988 1489 2033 se
1513 1967 1634 2036 dolere
1655 1968 1868 2042 existimant.
1918 1968 2107 2049 Noverunt
2128 1977 2223 2047 enim

201 2070 375 2162 lacrymas
404 2082 438 2138 et
459 2070 563 2138 edere
583 2067 875 2158 significationem
900 2067 1011 2138 ullam
1039 2065 1185 2135 moesti·
1236 2087 1377 2145 omnes,
1405 2081 1581 2160 quotquot
1603 2064 1663 2138 bic
1685 2071 1872 2143 nobiscum
1892 2075 2094 2147 studiorum
2111 2079 2224 2149 socie-

202 2169 294 2241 ciae:
320 2185 354 2240 et
371 2162 497 2242 rursus
515 2162 787 2240 immoderatum
809 2167 988 2247 dolorem,
1014 2190 1184 2259 respuen-
1236 2178 1306 2236 tate
1325 2165 1507 2238 coniuncti
1528 2168 1712 2253 vixenrnt,
1738 2186 1870 2266 quanta
1894 2200 1995 2263 cura,
2026 2178 2223 2271 vigilantia,

202 2283 274 2349 tem
297 2296 439 2341 omnem
463 2271 759 2356 consolationem,
786 2294 857 2363 quo
879 2283 913 2341 et
926 2271 1093 2340 valetudo
1109 2270 1183 2337 lae-
1236 2266 1423 2337 sedulitate
1456 2271 1705 2360 gubernationi
1740 2275 1982 2347 communium
2021 2279 2221 2351 studiorum

201 2374 315 2459 ditur,
341 2387 376 2445 et
392 2370 488 2443 Deus
506 2372 720 2459 offenditur,
742 2372 866 2441 volens
883 2396 948 2441 nos
965 2372 1184 2465 acquiescere
1236 2369 1446 2459 praefuerit,
1471 2386 1603 2464 quanta
1626 2376 1853 2446 contentione
1876 2377 1987 2446 animi
2007 2378 2070 2449 illa
2094 2382 2221 2452 exeita·

201 2498 265 2547 suo
290 2474 456 2559 consilio,
486 2490 521 2545 et
544 2499 617 2544 non
639 2476 787 2543 fremere
809 2475 977 2543 adversus
1000 2473 1127 2541 iustam
1149 2483 1184 2540 et
1236 2469 1303 2550 rit,
1327 2469 1498 2560 plurimas
1521 2497 1647 2567 easque
1668 2476 1896 2547 difficillimas
1910 2478 2080 2550 lectiones
2095 2482 2137 2551 in
2152 2504 2222 2554 sese

200 2601 339 2670 semper
354 2578 525 2668 optimam
541 2578 758 2647 voluntatem
775 2596 887 2643 suam.
1236 2570 1425 2660 recipiens,
1451 2575 1541 2644 mira
1558 2577 1771 2648 adsiduitate
1789 2578 1983 2650 lectionum
1997 2605 2127 2675 operas
2139 2608 2222 2654 con-

303 2677 395 2749 Cum
418 2691 533 2747 autem
548 2674 643 2746 Deus
666 2674 958 2746 clementissimus
980 2672 1181 2744 nudiuster·
1237 2674 1400 2758 tinuans,
1438 2697 1500 2744 sua
1532 2677 1705 2766 sapientia
1739 2702 1865 2771 operas
1895 2681 1963 2751 rite
1995 2683 2222 2771 distribuens,

201 2779 274 2851 tius
302 2780 438 2872 placida
469 2777 732 2847 obdormitione
758 2777 1004 2869 potiusquam
1030 2787 1183 2844 murtea
1235 2769 1390 2864 Collegis
1405 2774 1600 2869 aliquibus,
1626 2803 1716 2871 quae
1734 2804 1814 2849 eum
1828 2780 1981 2853 utilitate
1997 2785 2222 2857 auditoribus

201 2880 307 2951 nobis
324 2879 509 2951 abduxerit
526 2881 757 2950 reverendum
783 2893 817 2949 et
837 2877 1055 2947 carissimum
1081 2899 1184 2966 prae·
1235 2874 1309 2944 suis
1331 2878 1527 2960 traderent,
1559 2881 1816 2970 praescribens,
1847 2883 2009 2953 omnium
2030 2889 2221 2977 professio·

202 2995 379 3072 ceptorem
397 3006 436 3051 ac
451 2994 585 3070 patrem
606 2995 787 3067 nostmm,
817 2976 1015 3049 Dominum
1032 2970 1183 3072 Philip-
1236 3000 1322 3045 nram
1351 2990 1384 3047 et
1415 2978 1613 3049 officiorum
1643 2983 1911 3053 necessitatibus
1940 2997 1974 3054 ct
2001 2989 2221 3060 ornamentis

199 3104 288 3175 prem
311 3076 616 3177 marathonem,
649 3083 891 3161 communium
917 3080 1117 3151 studiorum
1145 3081 1184 3173 io
1236 3078 1477 3165 subserviens,
1502 3081 1657 3176 denique
1673 3085 1768 3177 quod
1784 3084 1935 3174 singulis
1953 3086 2177 3161 laboriosum
2187 3102 2222 3161 et

97 3170 103 3179 ¹
201 3180 268 3256 hac
289 3179 479 3255 Academia
503 3208 681 3253 summum
709 3198 742 3253 et
764 3183 1029 3254 foelicissimum
1054 3180 1184 3271 gubel—
1236 3178 1380 3248 dillicile
1411 3182 1572 3252 loturum
1603 3198 1694 3269 erat,
1727 3185 1802 3276 ipse
1834 3209 1928 3255 unus
1955 3210 2021 3278 pro
2051 3192 2221 3263 omuibus

200 3300 380 3372 natorem,
404 3299 523 3356 tantus
538 3280 634 3354 haud
650 3287 755 3356 dubie
772 3308 938 3354 sanorum
956 3283 1119 3352 omnium
1133 3296 1184 3354 est
1236 3280 1379 3350 subiens
1401 3297 1435 3352 et
1455 3305 1581 3372 magna
1605 3285 1886 3378 promptitudine
1900 3288 2010 3359 animi
2028 3291 2219 3380 sustineam,

201 3390 323 3472 dolor,
347 3401 388 3459 ut
410 3388 472 3457 ille
491 3410 714 3480 nequaquam
736 3386 820 3455 ullis
842 3385 1042 3455 rationibus
1056 3408 1185 3457 accen·
1236 3396 1271 3452 et
1293 3396 1483 3477 antequam
1507 3402 1692 3473 rogaretur
1713 3401 1839 3478 sponte
1863 3389 1943 3458 aliis
1974 3390 2218 3483 indigentibus

201 3490 339 3561 dendus
355 3489 484 3579 magis,
510 3490 569 3558 sed
586 3484 612 3582 ¹)
634 3487 751 3577 potius
769 3487 953 3583 exquisitis
967 3488 1186 3579 argumentis
1235 3507 1332 3554 suam
1349 3508 1493 3576 operam
1506 3485 1669 3559 offerens.
1722 3487 1789 3559 His
1803 3489 2002 3561 rationibus
2016 3494 2219 3567 studiorum

199 3591 387 3661 leniendus
413 3604 446 3660 et
470 3592 644 3659 sedendus
661 3612 734 3660 esse
752 3591 926 3661 videatur.
977 3586 1086 3679 Quod
1101 3612 1183 3659 eum
1236 3607 1458 3674 progressum
1479 3587 1653 3657 foeliciter
1672 3592 1923 3679 promovebat,
1948 3605 1982 3663 et
2003 3594 2219 3687 collegarum

198 3716 257 3763 me
273 3692 438 3784 inprimis
455 3692 569 3782 lacere
587 3706 730 3782 propter
750 3693 924 3776 officium,
955 3691 1052 3783 quod
1075 3688 1182 3760 susti·
1235 3678 1480 3783 lpyodselacqc
1494 3701 1579 3771 erat,
1605 3712 1679 3759 non
1696 3692 1819 3762 acerba
1834 3692 2096 3784 obius-gationis
2113 3692 2220 3767 vebe-

199 3817 289 3878 neo,
314 3794 454 3873 deceat,
481 3816 570 3887 quae
584 3789 668 3863 hnic
682 3793 828 3885 proprio
847 3805 881 3862 et
894 3804 1012 3862 vestro
1023 3786 1052 3878 ²)
1065 3789 1183 3860 dolori
1234 3787 1365 3858 mentia
1394 3799 1429 3856 et
1459 3790 1618 3877 ignaviae
1649 3793 1876 3882 castigatione
1899 3816 1958 3864 eos
1982 3797 2220 3887 pudefaciene,

198 3886 402 3992 θελκτήρια
426 3907 460 3965 et
480 3893 674 3966 lenimenta
697 3889 902 3975 adhibeam,
927 3916 1002 3963 non
1020 3891 1105 3961 satis
1121 3892 1181 3961 in·
1234 3889 1295 3959 sed
1310 3910 1393 3957 suae
1407 3888 1629 3962 adsiduitatis
1643 3895 1804 3986 exemplo
1819 3907 1991 3967 cessantes
2004 3899 2051 3969 ad
2066 3898 2219 3993 diligen-

198 3996 318 4070 venio.
365 3993 460 4068 Cum
484 3996 581 4065 enim
605 3998 792 4078 recordor,
825 4017 931 4087 quarn
954 3992 1068 4065 dulcis
1089 3988 1182 4063 mihi
1234 3989 1318 4058 tiam
1342 3991 1543 4066 traducens.
1592 3988 1642 4064 Et
1662 3999 1757 4088 quod
1776 4000 1999 4086 summopere
2012 3992 2101 4071 huic
2114 3996 2218 4073 selte-

198 4122 280 4169 cum
300 4094 369 4168 hoc
389 4098 466 4168 viro
490 4097 724 4168 intercesserit
739 4094 962 4166 familiaritas
981 4110 1016 4168 et
1032 4118 1181 4167 consue·
1234 4090 1288 4159 lae
1307 4090 1457 4181 profuit,
1487 4092 1535 4162 ¹⁹1³
1560 4108 1634 4165 erat
1658 4092 1804 4183 nature,
1835 4098 2005 4185 coneilio,
2039 4102 2164 4173 studio
2183 4114 2221 4175 et

197 4201 287 4272 tudo
301 4200 513 4270 domesticae
528 4198 695 4269 similima
712 4199 784 4285 iam
799 4223 817 4268 a
834 4198 959 4288 primis
976 4197 1180 4268 adolescen·
1232 4190 1381 4263 artificio
1398 4191 1712 4289 συμβιβαστικὸς,
1739 4212 1774 4270 et
1789 4200 1989 4269 communis
2003 4204 2215 4274 concordiae

196 4303 268 4374 tiae
281 4324 379 4372 meae
393 4301 510 4386 annis,
535 4302 678 4393 quantis
692 4300 817 4372 officiis
831 4302 877 4371 ab
894 4299 1180 4392 ipsoprovectns,
1232 4295 1457 4380 conciliator,
1490 4310 1531 4368 ut
1555 4321 1636 4366 cum
1663 4298 1738 4390 ipse
1757 4323 1861 4393 saepe
1881 4303 2036 4390 graviter
2061 4304 2216 4377 offensos

197 4404 357 4488 adiutus,
382 4416 532 4474 ornatus
551 4402 635 4488 sim,
659 4402 735 4472 fieri
751 4426 826 4473 non
846 4415 979 4494 potest,
1002 4399 1179 4495 quincius
1231 4418 1306 4464 non
1329 4397 1436 4465 modo
1459 4397 1636 4469 vindictae
1649 4403 1843 4490 cupiditate
1859 4402 2011 4473 excitare
2020 4406 2216 4477 eerternina

195 4499 288 4573 mihi
308 4506 425 4576 abitus
445 4504 708 4576 acerbissimum
729 4505 890 4575 dolorem
911 4504 1057 4578 adserat,
1107 4500 1179 4574 Ne.
1231 4520 1306 4566 non
1326 4498 1449 4582 vellet,
1475 4502 1535 4569 sed
1558 4499 1666 4571 etiam
1684 4504 1958 4574 obtrectantium
1971 4518 2005 4575 et
2018 4508 2216 4579 malevolo·

133 4620 136 4625 '
196 4630 265 4699 que
287 4631 370 4677 vero
392 4631 474 4701 erga
492 4630 549 4676 me
575 4606 691 4677 solum
712 4607 793 4677 talis
814 4607 903 4691 fuit,
934 4619 969 4677 et
992 4629 1067 4675 non
1089 4604 1178 4675 alios
1229 4622 1309 4667 rum
1345 4598 1496 4669 iniurias
1526 4600 1713 4673 tolerando
1733 4617 1769 4675 et
1794 4603 1940 4696 insuper
1965 4606 2216 4705 hneiariendo

195 4730 319 4777 omnes
345 4711 462 4780 studio
487 4723 522 4780 et
543 4708 761 4798 benignitate
782 4731 843 4778 sua
864 4709 1069 4798 complexus
1087 4706 1178 4778 fovit
1229 4699 1388 4781 vincere,
1417 4715 1455 4772 ut
1477 4702 1679 4773 universam
1700 4707 1907 4775 memoriam
1929 4728 2050 4777 earum
2073 4708 2215 4783 abolere

193 4822 229 4879 et
243 4810 388 4882 adiuvit
437 4811 577 4882 Scimus
591 4812 707 4893 enim,
732 4810 807 4881 eius
822 4810 1019 4881 bonitatem
1041 4822 1176 4881 tantam
1229 4803 1400 4872 eludere&
1432 4803 1537 4875 etlam
1558 4806 1958 4879 tommossflsstllonlbffl
1978 4808 2071 4893 ⁸⁸3⁸,
2104 4811 2216 4883 inter·

191 4911 317 4993 fuim,
343 4925 382 4982 ut
403 4908 496 4980 nihil
516 4913 696 4994 omnium,
722 4936 811 5006 qnae
827 4907 1000 4996 habebat,
1025 4923 1059 4983 et
1074 4925 1176 5002 pote.
1228 4902 1466 4992 cessionibus,
1491 4905 1725 4978 lenitionibus
1738 4925 1832 4980 ortas
1847 4910 1942 4981 inter
1958 4910 2112 5002 collegae
2134 4934 2216 4985 suos

191 5028 266 5093 rat,
291 5012 362 5083 sibi
383 5028 445 5084 aut
465 5014 538 5085 suis
560 5015 692 5085 servire
709 5029 744 5086 et
764 5015 929 5106 prodesse
951 5027 1091 5086 tantum
1111 5040 1175 5086 vo-
1227 5005 1521 5094 ⁰ffe¹¹⁸l¹1¹¹⁰¹¹l³⁸2
1547 5021 1735 5104 &Mettum
1749 5011 1843 5082 Vim
1859 5011 2105 5106 acquirerent,
2129 5036 2215 5109 tup-

190 5167 395 5181 ..........
1225 5106 1411 5197 primerct,
1444 5122 1479 5181 et
1498 5133 1561 5181 suo
1586 5111 1772 5205 praecipue
1793 5113 1954 5206 exemplo
1970 5126 2008 5186 et
2020 5116 2215 5191 autoritate

223 5240 250 5302 t)
266 5241 327 5305 ¹²1¹]
344 5237 492 5309 Scap-bt.
503 5252 598 5308 Μ,
1224 5209 1270 5278 ad
1293 5232 1484 5281 commune
1504 5213 1713 5284 concordiae
1736 5215 1894 5287 studium
1909 5216 2002 5287 etad
2018 5212 2217 5297 ἐπιείκειαν

219 5325 247 5393 t)
265 5328 373 5393 vestm]
388 5324 453 5383 ser.
468 5325 547 5398 post.
559 5325 665 5387 amm.
1223 5310 1431 5383 tolerantem
1447 5311 1724 5387 imbecilliorum
1741 5329 1876 5406 errata,
1899 5334 2139 5411 permoveret.
