4546 5760
94 202 170 279 ιιι
226 142 229 148 ’
532 194 853 294 amodum
904 198 980 274 ιιι
1028 194 1274 274 servus
1311 186 1689 275 conciones.
1878 139 1884 151 “
2048 191 2124 265 ιιι

94 375 176 447 illas
190 394 303 446 novas
317 372 488 466 ineptias,
513 382 549 443 et
565 396 653 469 quas
669 373 831 445 virorum
847 372 1035 462 gravium
1024 394 1102 445 ru··

94 478 200 550 ditiis
214 476 412 569 improbari
433 476 563 549 sciunt.
615 474 769 548 Videtur
792 498 865 547 esse
884 499 992 595 parva
1012 496 1082 562 ret,

94 582 211 653 lorma
228 578 389 653 vestitus.
439 575 511 649 Sed
527 577 702 669 siguificat
715 580 828 649 levem
844 578 1025 671 animum,
1048 593 1082 650 et

1132 427 1261 499 Oratio
1286 374 1459 498 Ιιιιιοιιι
1485 420 1603 495 Acod.
1633 418 1779 497 meets
1793 431 1885 496 onte
1915 422 2120 537 lectionem

1416 524 1659 600 statutorum
1713 508 1869 601 1541

94 694 382 755 contemnentem
404 680 536 751 iudicia
553 681 715 771 gravium
730 681 903 753 virorum.
956 677 1004 752 Et
1019 682 1082 753 ubi
1132 668 1296 772 Quoties
1302 682 1347 751 ad
1362 674 1430 751 hos
1443 679 1607 774 publicos
1621 682 1830 770 congressus
1851 679 1891 748 iu
1905 673 2036 749 scholis
2057 691 2119 749 aut

94 786 134 857 iu
156 780 217 855 his
237 783 399 859 minutis·
395 782 608 859 discessum
622 798 676 856 est
691 808 712 855 a
723 783 934 876 disciplina,
960 797 1080 904 postea
1131 783 1506 875 templisaccedimus,
1524 781 1629 855 toties
1644 780 1776 852 ιιοιιίι
1765 806 1807 851 ιιι
1822 794 1978 853 mentem
1993 780 2118 851 venire

94 886 328 960 confirmatur
342 884 575 958 coutumacia.
623 884 771 978 Semper
787 910 806 956 a
822 887 979 956 talibus
969 887 1082 957 mitiis
1131 888 1255 967 debet,
1283 881 1348 956 hos
1365 898 1485 956 coetus
1507 909 1583 954 non
1603 906 1678 955 esse
1702 878 1862 955 humano
1887 883 2071 955 consilio
2059 894 2120 953 m-

94 1003 175 1063 orca
191 1001 245 1059 est
260 987 470 1080 discipliuae
492 987 690 1059 dissolutio.
741 985 833 1059 Cum
850 980 1082 1081 Legatis'Da-
1131 989 1292 1072 stitutus,
1320 1011 1387 1057 nec
1409 978 1558 1059 'defendi
1590 999 1729 1059 tantum
1759 981 1917 1056 hnmana
1940 1010 2024 1079 ope:
2056 985 2119 1056 se'd

94 1092 157 1164 rid
174 1103 291 1163 ιιιιιιι
315 1089 492 1183 praecisae
508 1090 650 1160 tunicae
672 1089 715 1160 ad
733 1103 854 1174 nates,
879 1092 992 1163 vetuit
1006 1089 1081 1162 Da·
1128 1089 1247 1162 Deum
1264 1091 1455 1182 praecipue
1474 1092 1519 1160 ad
1542 1085 1610 1160 hoc
1625 1112 1758 1161 munus
1778 1089 1982 1159 condidisse
2005 1096 2120 1160 tot'um

94 1193 177 1281 rid,
207 1216 255 1263 ne
286 1194 325 1263 iu
346 1191 532 1286 publicum
555 1192 754 1284 prodirent.
815 1190 920 1263 Nune
941 1188 1082 1266 schola·
1132 1217 1243 1285 genus
1265 1188 1485 1279 humanum,
1509 1205 1551 1263 ut
1571 1191 1647 1284 ipse
1672 1192 1888 1277 innotescat,
1914 1191 2120 1261 etcelebre·

94 1294 195 1381 suet,
236 1293 323 1391 qui
321 1295 500 1367 debebant
522 1294 739 1386 singularem
763 1297 1013 1366 verecundiam
1048 1310 1084 1369 et
1133 1311 1212 1381 tur,
1237 1310 1272 1366 et
1293 1295 1423 1366 tradita
1446 1319 1509 1365 sua
1523 1318 1612 1364 voce
1632 1307 1829 1365 conventus
1845 1288 2033 1364 hominum
2060 1293 2120 1361 in-

94 1397 305 1472 modestiam
330 1421 413 1490 prae
438 1420 474 1467 se
494 1398 608 1482 ferre,
640 1396 847 1468 inceduut'
835 1421 875 1466 ιιι
897 1392 954 1468 his
973 1398 1082 1470 curtis
1131 1398 1308 1478 stituisse,
1333 1398 1373 1467 in
1394 1398 1533 1492 quibus'
1550 1397 1595 1466 de
1615 1393 1685 1467 Dei
1706 1397 1912 1481 voluntate,
1944 1397 1989 1465 de
2011 1395 2120 1465 rebus

94 1499 259 1607 penulis,
284 1524 376 1594 quae
399 1522 474 1569 nou
499 1511 649 1591 possunt
671 1524 711 1570 ea
735 1512 872 1590 tegere,
902 1525 992 1595 quae
1017 1525 1083 1572 na-
1133 1501 1304 1585 aetemis,
1329 1499 1598 1572 etmultisaliis
1619 1499 1713 1570 ritae
1732 1498 1918 1592 praesidiis
1940 1497 2004 1569 alii
2030 1497 2120 1567 alios

94 1618 177 1681 tura
194 1601 310 1675 voluit
327 1600 509 1672 occultari.
1133 1605 1296 1675 doceant.
1355 1600 1517 1698 Cumque
1547 1602 1587 1670 iu
1626 1597 1697 1672 boc
1726 1602 1864 1672 mundo
1896 1597 2018 1691 magni
2049 1601 2122 1669 sint

197 1699 493 1776 Commemorabo
516 1697 703 1774 historiam
733 1702 907 1798 principis
926 1629 1082 1776 Palatini
1134 1704 1372 1796 lmperior'um
1386 1705 1578 1785 tumultus,
1604 1726 1752 1794 maguae
1768 1705 1910 1790 ruinae,
1931 1724 2023 1797 quae
2038 1714 2122 1773 sunt

94 1804 269 1881 friderici
287 1803 436 1877 senioris
454 1806 568 1892 illius,
584 1806 718 1901 quires
735 1807 989 1899 bellomagnas
1007 1831 1083 1898 ges-
1133 1810 1257 1878 fatales
1281 1830 1417 1899 poenae
1439 1805 1587 1886 muudi,
1624 1808 1814 1877 defendere
1840 1829 1920 1877 eum
1944 1806 2033 1876 tales
2054 1805 2120 1875 ali-

94 1909 152 1985 ιίι.
186 1894 262 1979 Ad
286 1904 384 1980 hunc
404 1923 550 1979 venerat
572 1905 723 1979 Carolus
745 1906 828 1979 Dux
851 1907 1083 2001 Burgundiae
1135 1935 1225 2005 quos
1247 1924 1462 1997 conventus,
1492 1933 1540 1979 ne
1560 1932 1706 2001 prorsus
1727 1909 1954 1998 extinguatur
1973 1908 2037 1978 lux
2056 1909 2121 1977 do-

94 2011 134 2083 in
158 2033 275 2082 arcem
296 2008 655 2101 Heidelbergensem,
682 2010 793 2104 eique
823 2012 917 2082 inter
948 2026 1083 2084 caetera
1136 2013 1272 2083 ctriuae
1294 2010 1464 2085 eoelestis.
1517 2010 1594 2081 llac
1616 2012 1816 2083 confirmati
1841 2010 2035 2093 sententia,
2060 2033 2121 2078 co-

94 2106 230 2199 Xenia,
251 2125 292 2184 ut
306 2113 364 2195 fit
390 2113 487 2183 dono
502 2113 601 2183 dedit
616 2112 765 2234 pallium
783 2138 825 2182 ιιι
848 2139 1007 2207 purpura
1030 2116 1083 2184 la·
1134 2116 1286 2204 gitemus
1310 2108 1448 2185 scholas
1470 2110 1539 2184 Dei
1562 2113 1705 2204 politiae
1728 2136 1824 2194 esse,
1851 2124 1886 2183 et
1908 2137 1928 2181 a
1951 2111 2028 2183 Deo
2045 2134 2120 2180 ser-

94 2228 210 2297 ctum,
237 2227 272 2286 et
294 2228 461 2286 ornatum
487 2213 655 2306 preciosis
678 2216 845 2333 gemmis,
880 2218 939 2287 sed
963 2218 1083 2302 breve,
1135 2217 1230 2302 vari,
1261 2219 1323 2286 sed
1344 2216 1432 2286 alias
1453 2215 1532 2285 aliis
1561 2215 1670 2297 locis,
1704 2216 1791 2286 alias
1812 2215 1852 2284 in
1872 2213 1951 2284 aliis
1969 2212 2123 2284 domici-

94 2331 136 2393 ut
158 2331 247 2391 tunc
273 2332 347 2388 erat
362 2314 523 2388 Gallicae
551 2317 667 2407 gentis
690 2318 848 2391 vestitus.
899 2316 1083 2392 Palatinus
1135 2319 1205 2391 liis.
1259 2318 1350 2389 Nam
1370 2343 1450 2389 cum
1466 2318 1628 2389 doctrina
1644 2320 1878 2410 depravatur,
1904 2315 1994 2387 etin
2007 2316 2122 2385 mori-

94 2414 333 2492 Fridericus
321 2444 361 2488 m
384 2419 532 2510 gratiam
556 2413 709 2512 hospitis
732 2419 842 2513 pallio
865 2420 920 2491 uti
933 2422 1082 2514 cogeba-
1135 2424 1202 2493 bus
1232 2421 1417 2492 barbarica
1438 2420 1603 2491 ferocitas
1624 2420 1749 2492 solutis
1771 2419 1980 2511 disciplinae
2002 2418 2122 2488 nervis

94 2534 173 2608 tur,
198 2510 337 2593 etiamsi
359 2520 421 2591 illa
436 2522 592 2593 brevitas
615 2521 671 2591 illi
694 2520 890 2614 displicuit.
941 2521 993 2596 Ut
1018 2548 1082 2594 au·
1134 2549 1186 2594 or
1178 2525 1266 2608 tur,
1293 2538 1413 2594 coetus
1434 2523 1496 2592 ille
1516 2525 1676 2595 desertus
1694 2519 1808 2593 aDeo
1826 2521 2037 2612 dissipatur,
2061 2532 2123 2590 aut
2252 2587 2262 2598 ,

94 2638 169 2698 tem
187 2624 317 2694 melius
333 2636 466 2714 tegeret
481 2624 639 2717 priorem
663 2622 823 2715 c'orporis
838 2639 994 2717 partem,
1021 2650 1082 2696 cu·
1128 2626 1208 2697 ἰἰιὶι
1222 2626 1406 2696 furoribus
1421 2624 1546 2697 ruitin
1562 2625 1919 2716 poenas'etesitium.
1957 2620 2041 2693 Non
2055 2615 2124 2692 hos

94 2725 189 2799 ravit
203 2724 272 2799 sibi
285 2725 507 2818 marsupium
524 2727 638 2797 latum
659 2750 700 2796 ex
715 2750 871 2818 purpura
889 2726 985 2813 fieri,
1011 2753 1082 2822 quo
1132 2728 1284 2820 parietes
1300 2751 1382 2798 casu
1398 2743 1505 2814 stare,
1521 2750 1596 2797 uon
1612 2751 1695 2798 casu
1708 2740 1762 2798 tot
1779 2727 1917 2797 lumina
1933 2726 2121 2797 doctorum

93 2828 282 2901 incedebat
304 2843 473 2924 tanquam
488 2825 667 2901 Rheuone
690 2840 814 2902 tectus.
863 2826 981 2901 Tanta
1007 2845 1082 2901 erat
1136 2831 1315 2916 virorum,
1341 2844 1392 2901 tot
1409 2830 1588 2922 praeclara
1609 2829 1770 2921 ingenie,
1794 2830 1833 2898 in
1850 2853 1925 2900 uno
1939 2827 2020 2898 loco
2036 2848 2121 2905 esse,

94 2930 235 3005 tuncin
252 2928 445 3002 Germanis
460 2931 633 3023 gravitas,
657 2942 776 3001 tantus
793 2954 895 3000 amor
909 2956 1082 3003 verecun-
1133 2933 1172 3002 in
1189 2947 1286 3003 tanta
1304 2932 1756 3025 temporum,=difficultute
1769 2931 1912 3023 putetis.
1964 2928 2037 3001 Sed
2054 2925 2124 3000 Dei

94 3033 186 3106 diae.
247 3030 354 3105 Nunc
393 3034 541 3104 vestitus
581 3031 839 3124 impudentiam
878 3034 1080 3107 animorum
1133 3036 1292 3108 bonitate
1316 3030 1402 3106 haec
1434 3047 1508 3105 tota
1530 3031 1660 3105 Schola
1691 3029 1863 3105 hactenus
1891 3045 2028 3103 servata
2058 3042 2121 3101 est.

94 3136 261 3210 ostendit.
313 3132 398 3206 ldeo
419 3158 505 3225 rogo
526 3159 608 3216 vos,
632 3148 673 3206 ut
695 3135 806 3225 figura
832 3137 979 3208 vestitus
1003 3153 1083 3209 uta·
1133 3138 1254 3211 Simus
1269 3138 1380 3227 igitur
1400 3136 1493 3227 grati
1508 3136 1679 3207 omuibus
1693 3136 1786 3206 veris
1803 3135 1946 3220 officiis,
1969 3147 2007 3206 et
2019 3156 2123 3204 cure·

94 3238 206 3325 mini,
230 3260 337 3335 ιῙιιιιιι
356 3238 561 3358 probent
526 3263 597 3307 vrrr
610 3259 752 3328 graves
780 3239 985 3328 praesertim
1000 3265 1080 3310 eum
1133 3265 1230 3325 mus,
1257 3264 1335 3310 nea
1353 3241 1498 3310 custode
1517 3239 1592 3310 Deo
1610 3240 1826 3312 deseramur.
1879 3235 1958 3330 lpse
1973 3248 2121 3308 testatus

94 3340 242 3437 plurimi
264 3330 420 3410 vestrdm
444 3339 577 3425 sciant,
618 3332 710 3409 hane
733 3354 969 3412 monstrosam
992 3343 1081 3432 ligu-
1134 3358 1206 3426 est,
1232 3343 1297 3415 ubi
1319 3345 1438 3412 adesse
1458 3342 1562 3426 velit,
1587 3366 1668 3413 cum
1694 3341 1761 3413 ait:
1793 3337 2027 3434 'Ubicunque
2049 3338 2122 3408 duo

94 3467 171 3515 ram
194 3442 402 3562 parentibus
420 3440 617 3535 displicere.
666 3437 733 3513 Est
752 3455 870 3511 autem
892 3439 1081 3515 inhumani
1133 3458 1278 3517 auttres
1294 3444 1494 3536 congregati
1513 3444 1652 3515 suntin
1668 3442 1817 3514 nomine
1831 3467 1925 3527 meo,
1947 3442 1986 3510 in
2003 3439 2122 3510 me'dio

94 3543 207 3619 animi
246 3567 322 3615 non
360 3544 476 3614 vereri
516 3557 704 3637 parentum
738 3543 884 3616 iudicia.
941 3543 1082 3617 Deinde
1133 3572 1256 3619 eorum
1271 3570 1362 3617 sum.
1381 3545 1714 3618 ,Meminerimuset
1729 3536 2124 3614 uosinnomiueChri-

94 3642 252 3739 exempla
270 3647 389 3738 inepta
404 3661 535 3720 nocent
550 3646 630 3717 aliis
644 3647 947 3735 adulescentibus,
974 3664 1008 3720 et
1028 3652 1082 3720 ol·
1132 3652 1180 3721 sti
1196 3665 1424 3740 congregatos
1449 3654 1542 3732 esse,
1569 3643 1637 3719 hoe
1660 3661 1733 3731 est,
1759 3661 1794 3718 et
1808 3647 1953 3717 iuvante
1967 3640 2123 3729 Christo,

94 3751 250 3822 lendunt
268 3742 435 3843 hospites.
468 3743 715 3819 'Christianos
737 3762 855 3819 autem
878 3775 1001 3821 cavere
1018 3754 1080 3822 de·
1133 3766 1169 3822 et
1184 3755 1227 3822 ad
1248 3753 1526 3823 conservandam
1543 3751 1654 3843 ipsius
1672 3750 1882 3821 doctrinam.
1916 3746 1957 3821 Si
1972 3747 2023 3817 sic
2040 3770 2123 3818 sen-

94 3867 170 3938 cet,
205 3876 251 3922 ne
273 3851 346 3921 sint
366 3852 533 3920 scandalo
557 3851 647 3926 aliis.
706 3848 863 3920 Haecin
885 3855 1082 3943 praeseutia
1133 3856 1280 3939 tlemus,
1313 3869 1347 3926 et
1379 3855 1595 3923 mediocrem
1617 3853 1657 3923 in
1679 3853 1806 3924 studiis
1833 3850 2055 3941 diligentiam
2089 3861 2124 3918 et

94 3954 253 4026 breviter
269 3953 372 4025 vobis
390 3954 598 4045 exponenda
613 3975 687 4021 esse
704 3952 801 4026 duxi.
838 3952 981 4048 Vosque
996 3980 1081 4045 rogo
1133 3957 1342 4027 modestiam
1362 3957 1402 4026 iu
1420 3956 1579 4028 moribus
1595 3954 1871 4048 praestabimus,
1897 3948 1996 4023 haud
2014 3951 2124 4021 dubie

94 4068 128 4129 et
143 4057 322 4142 obtestor,
344 4068 385 4126 ut
399 4056 475 4127 sitis
491 4055 641 4125 modesti
659 4069 806 4145 propter
827 4056 977 4144 gloriam
1000 4056 1081 4142 Dei,
1135 4055 1447 4130 hic'eustosnobis
1464 4059 1591 4131 aderit.
1642 4055 1700 4128 Ad
1725 4051 1823 4126 hunc
1845 4056 1953 4125 linem
1976 4055 2021 4124 de
2044 4066 2121 4124 stu-

94 4157 156 4254 qui
171 4158 306 4229 favebit
322 4158 449 4229 studiis
475 4172 508 4229 et
525 4157 726 4229 actionibus
739 4158 887 4243 vestris,
911 4160 940 4229 si
964 4161 1080 4252 ipsum
1135 4162 1205 4230 diis
1219 4176 1254 4231 et
1268 4162 1430 4232 moribus
1443 4173 1695 4252 proponuntur
1707 4160 1810 4229 vobis
1825 4159 1931 4248 leges,
1957 4171 1991 4226 et
2007 4164 2122 4249 quan-

94 4260 285 4347 timebitis,
306 4259 398 4331 sicut
413 4260 586 4352 scriptum
603 4273 670 4330 est:
698 4256 829 4331 Timor
841 4259 990 4332 Domini
1010 4264 1082 4332 ini-
1134 4270 1209 4334 tu'm
1227 4287 1415 4354 possumus
1430 4263 1522 4334 tueri
1536 4262 1761 4353 disciplinam
1776 4263 1976 4344 studemus,
2003 4272 2043 4328 ut
2058 4265 2123 4327 ad-

94 4364 182 4435 tium
197 4362 400 4455 sapientiae.
453 4362 634 4434 Dominus
658 4375 780 4434 noster
802 4364 898 4434 lesus
918 4361 1081 4439 Christus
1133 4364 1431 4452 sitxnobisDeus,
1458 4379 1492 4436 et
1517 4359 1785 4455 hanescholam
1810 4376 1943 4445 servet,
1968 4374 2008 4432 ut
2026 4361 2120 4431 mul-

94 4466 263 4558 gubernet
279 4488 397 4535 mores
413 4478 446 4535 et
461 4463 578 4536 studia
593 4478 707 4534 vestra
724 4466 769 4533 ad
783 4466 932 4554 gloriam
949 4466 1017 4538 Dei
1034 4469 1080 4537 il-
1134 4482 1188 4537 tae
1204 4464 1382 4537 Ecclesiae
1397 4483 1430 4538 ct
1446 4465 1607 4558 Respub.
1628 4460 1783 4536 habeant
1800 4464 1987 4534 seminaria
2005 4464 2122 4533 bonae

93 4570 332 4652 lustrandam,
357 4568 452 4639 etad
469 4566 658 4639 utilitatem
673 4561 872 4652 Ecclesiae,
897 4584 931 4641 et
950 4572 995 4639 ad
1021 4595 1080 4640 ve·
1134 4582 1169 4640 et
1186 4571 1349 4640 salutaris
1373 4571 1568 4642 doctrinae.
1619 4566 1725 4639 Scitis
1752 4568 1790 4635 iu
1815 4566 1974 4660 qualibet
1991 4564 2122 4656 politia

94 4683 201 4743 stram
221 4670 383 4744 salutem.
435 4666 532 4740 Dixi.
1134 4671 1227 4741 cives
1245 4674 1373 4743 debere
1387 4671 1627 4743 obedientiam
1642 4671 1716 4740 suis
1733 4668 1889 4759 legibus,
1914 4692 1988 4737 non
2003 4668 2122 4738 solum

98 4786 103 4793 “
532 4781 538 4794 ’
1134 4789 1280 4866 propter
1293 4790 1494 4868 praesentes
1509 4796 1658 4866 poenas,
1681 4773 1762 4855 sed,
1782 4783 1823 4842 ιιι
1838 4767 1971 4841 Paulus
1988 4769 2121 4865 inquit,

1133 4877 1239 4946 etiam
1257 4891 1403 4970 propter
1418 4875 1681 4950 conscientiam.
1732 4872 1967 4945 Severissima·
1978 4887 2120 4943 seuten-

1133 4977 1183 5049 tia
1208 4993 1270 5053 est.
1323 4979 1413 5050 Nam
1442 4980 1598 5072 pollutae
1619 4975 1856 5047 conscientiae
1875 4972 1971 5047 Deus
1997 4975 2120 5044 irasci·

94 5050 262 5177 Q
924 5107 931 5123 ·
1133 5094 1202 5153 tur.
1254 5080 1374 5153 Cum
1362 5078 1707 5171 igiturcontumacia
1724 5077 1861 5199 polluat
1877 5077 2120 5160 conscientias,

863 5151 1074 5188 Q

1132 5183 1286 5273 cogitent
1314 5198 1555 5263 contumaces,
1581 5205 1688 5275 quam
1710 5181 1755 5251 sit
1778 5180 1975 5264 miserum,
1999 5178 2120 5248 virere

157 5274 192 5326 ru
205 5267 368 5341 Quaesitor.
381 5267 456 5342 apud
474 5267 554 5331 Eser,
567 5286 593 5339 p.
610 5264 694 5325 17112.
709 5286 770 5342 sqq.
1132 5285 1170 5354 in
1188 5287 1273 5357 odio
1290 5285 1379 5372 Dei,
1405 5311 1470 5356 nec
1488 5284 1625 5377 protegi
1646 5308 1713 5354 uec
1735 5306 1810 5374 rege
1799 5281 2013 5354 divinitus.
2045 5278 2119 5350 'lta

1135 5389 1298 5463 collocati
1321 5411 1443 5461 sumus
1466 5384 1662 5461 homines
1653 5411 1690 5455 ιιι
1710 5380 1806 5457 hunc
1821 5385 2015 5471 mundum,
2039 5396 2121 5454 tan·
