4552 5766
63 180 150 259 aas
280 216 292 251 ι
452 178 1397 263 scataraaovmeuuromruu
1422 174 1725 263 nactura.
2019 136 2097 275 en'

61 360 107 431 m
130 354 554 433 nummum'eodmeret
572 362 618 433 ad
642 382 728 431 usus
745 382 915 449 suorum,
939 360 969 430 si
992 382 1057 427 an-
1108 354 1170 425 illa
1187 353 1246 423 die
1260 378 1376 449 πετριε
1391 353 1620 447 sequentibus
1640 324 1953 447 apraelectionum
1976 370 2094 459 operis

61 482 188 533 nonae
199 462 328 535 caritas
341 462 527 545 incideret,
549 465 757 560 quod-etde
769 462 929 533 consiliis
944 462 1057 554 ipsius
1108 458 1242 529 talibus
1263 457 1421 526 consiliis
1442 457 1543 549 quasi
1559 456 1725 527 violentis
1747 464 1959 555 quibusdam
1978 472 2094 541 abdu-

59 563 197 634 suctnm
211 578 286 648 est,
309 577 344 636 et
369 568 582 659 nuncquasi
603 592 644 637 ex
661 579 871 637 testamento
887 562 931 635 D.
948 563 1057 635 Prae-
1108 574 1185 630 ctus
1199 558 1564 649 luitautimpeditus,
1589 582 1669 629 cum
1686 584 1825 652 semper
1840 570 1983 660 quidem
2007 594 2092 643 ora·

61 662 218 757 ceptoris
235 666 283 737 ab
307 660 374 736 bac
394 682 602 739 asservatur.
662 670 782 761 Atque
808 662 895 737 baec
917 667 1056 737 locutus
1107 675 1207 733 retur
1226 674 1267 731 ut
1287 660 1355 729 sibi
1378 673 1544 751 parceret.
1604 658 1758 731 Domum
1779 669 1946 739 reductus
1969 695 2091 745 runos

62 766 162 859 quod
177 766 270 839 circa
284 772 415 837 nodam
432 791 506 837 esse
522 784 678 859 putaret,
706 794 798 862 quae
816 782 890 839 erat
908 767 1056 837 ordina-
1108 763 1146 833 in
1170 762 1273 833 sedili
1298 762 1406 851 longo
1430 786 1495 833 suo
1523 764 1691 834 decubuit
1710 779 1817 858 atque
1847 771 1969 841 relicto
1994 780 2090 865 apud

61 868 119 941 ria
142 861 233 939 bora
258 876 447 961 operarum
475 870 586 963 ipsius
615 871 858 962 publicarum,
891 872 1055 960 surgebat
1106 890 1188 935 enm
1209 865 1320 933 altero
1341 888 1383 934 ex
1407 864 1470 947 iis,
1501 865 1564 956 qui
1593 889 1673 934 eum
1698 868 1843 938 domum
1868 875 2091 961 reduxerant,

60 971 108 1041 tle
123 970 250 1051 sedili,
273 983 311 1042 et
325 972 544 1061 perabatse,
567 989 608 1044 ut
623 975 668 1043 ad
684 973 957 1064 praelectionem
966 971 1055 1041 Dia·
1106 968 1195 1035 alter
1221 968 1267 1035 ab
1290 990 1330 1036 eo
1356 965 1531 1046 discessit,
1565 970 1660 1059 quod
1686 972 1816 1039 diceret
1837 994 1876 1041 se
1900 974 2020 1044 literas
2046 984 2090 1047 ad

60 1070 210 1141 lecticae
236 1072 482 1156 descenderet,
512 1096 595 1143 nam
620 1075 686 1144 etsi
710 1068 802 1142 nihil
824 1073 1056 1144 omittebatur
1106 1066 1349 1138 Camerariutn
1391 1070 1677 1157 obsignaturum,
1731 1071 1774 1139 id·
1818 1098 1899 1142 ctam
1940 1077 2090 1165 audiret,¹

61 1172 253 1245 etdrando
269 1187 306 1244 et
320 1167 519 1260 hortando,
544 1175 699 1247 obtineri
711 1188 831 1245 nmen
852 1198 926 1245 nen
952 1188 1054 1265 pote-
1107 1172 1221 1241 scribe
1244 1170 1276 1238 ei
1301 1168 1420 1262 inquit
1443 1194 1499 1239 me
1525 1171 1659 1240 calculo
1686 1172 1857 1264 impedire
1884 1178 1930 1245 ab
1964 1178 2090 1251 itinere

61 1284 136 1356 rat,
151 1286 205 1345 -ut
220 1266 291 1345 sibi
307 1270 373 1345 bac
387 1274 426 1345 in
445 1288 544 1368 parte
566 1292 744 1368 parceret,
769 1276 1053 1369 et'praelegendi
1106 1270 1302 1354 Misueusi,
1328 1271 1498 1341 invitatos
1513 1273 1609 1341 enim
1633 1273 1749 1344 lauerat
1764 1278 1807 1343 ad
1833 1277 2089 1367 inspectionem

61 1396 194 1467 operae
207 1376 468 1467 supersederet,
493 1378 607 1467 legam
632 1378 750 1473 inquit
775 1378 963 1448 dimidiam
986 1374 1053 1449 bo·
1105 1376 1287 1444 solennem
1320 1373 1399 1443 ludi
1421 1374 1537 1458 illius,
1571 1388 1605 1443 et
1634 1389 1851 1445 caeterorum
1884 1380 2088 1458 illustrium.

60 1476 205 1561 sulam,
224 1492 345 1569 postea
367 1476 406 1547 in
424 1476 841 1565 Balneumdescendam,
891 1478 1054 1573 Cumque
1106 1474 1244 1546 lnterea
1263 1488 1337 1544 tum
1355 1500 1449 1545 nona
1466 1476 1666 1559 audiretur,
1692 1479 1735 1546 de
1752 1477 2087 1566 iislermetantum,

60 1600 193 1649 manns
210 1576 335 1651 lavare·
343 1580 450 1651 vellet
467 1584 565 1675 qnod
587 1595 683 1654 certo
705 1581 855 1652 consilio
878 1604 980 1673 saepe
999 1583 1053 1652 fa-
1104 1602 1194 1671 quae
1212 1577 1371 1670 publicae
1392 1578 1431 1646 in
1446 1578 1598 1649 lectione
1615 1580 1863 1669 propositurus
1879 1596 1988 1668 esset,
2013 1609 2088 1655 ser-

60 1697 405 1763 ecreconsneverat,
430 1696 466 1753 et
481 1686 525 1753 ad
546 1682 756 1754 malluvium
778 1708 842 1775 per
860 1684 1052 1753 scabellum
1104 1675 1375 1749 streneshabuit.
1425 1677 1524 1749 Hora
1544 1704 1638 1749 nona
1661 1682 1705 1749 ad
1729 1681 1916 1751 lectionem
1941 1686 2089 1756 descen·

32 1780 170 1851 ‘altius
183 1784 407 1869 estenderet,
432 1784 480 1855 ita
498 1786 655 1855 difficilis
674 1785 707 1855 εἰ
723 1785 880 1855 ascensio
893 1785 998 1856 fiebat
1011 1798 1052 1855 ut
1105 1783 1177 1863 dit,
1208 1783 1247 1849 in
1273 1805 1341 1875 qua
1367 1781 1596 1851 dissimulans
1617 1782 1891 1857 imbecillitatem
1916 1804 2088 1877 quantum
2115 1776 2120 1785 ⁸

59 1882 208 1955 labente
221 1905 315 1974 genu
328 1886 440 1957 altero
456 1910 546 1978 pene
561 1887 791 1975 concidisset,
816 1910 885 1983 qua
901 1912 940 1958 re
956 1910 1052 1958 com·
1104 1896 1257 1975 poterat,
1274 1884 1379 1953 etiam
1392 1908 1476 1951 voce
1490 1884 1690 1953 firmitatem
1706 1908 1840 1975 praese
1857 1887 1992 1973 ferens,
2006 1914 2088 1959 cum

59 1994 185 2057 motus
197 1980 390 2073 nonnihil,
418 2009 494 2081 ego,
516 1989 646 2083 inquit,
668 1988 871 2084 extinguar
883 1988 977 2061 sicat
993 1986 1053 2058 lu·
1104 2010 1161 2055 res
1175 1985 1390 2054 dissimulari
1406 1985 1554 2053 minime
1573 2000 1707 2076 posset,
1733 1990 1804 2056 duo
1822 1999 1962 2057 tantum
1984 2015 2090 2081 argu-

60 2080 227 2157 crrnaslta.
278 2085 369 2157 Nam
387 2090 504 2159 statim
527 2090 622 2162 inter
636 2091 739 2163 initia
762 2093 879 2161 morbi
901 2105 1052 2161 mortem
1098 2092 1222 2157 'retenta
1238 2085 1441 2179 proposuit,
1467 2110 1619 2179 quorum
1634 2088 1744 2157 altera
1759 2103 1834 2158 erat
1857 2088 2004 2179 Georgii
2018 2092 2089 2163 Na-

58 2187 217 2257 ominari
240 2187 450 2280 incipiebat,
480 2206 516 2261 et
534 2194 765 2285 sequentibus
788 2186 913 2262 diebus
934 2194 1052 2261 omni·
1104 2190 1278 2257 zianzenit
1305 2190 1355 2267 tls
1368 2184 1411 2257 τὸ
1428 2183 1540 2285 ἆγίον
1562 2184 1707 2280 πάσχα,
1730 2189 1926 2270 eiusmodi,
1952 2185 2090 2287 λύτρον

59 2288 130 2359 bns
147 2288 189 2357 in
205 2312 268 2359 ore
279 2303 355 2362 erat
368 2292 504 2363 mentio
526 2289 652 2375 huius,
675 2308 710 2365 et
725 2316 907 2365 sermones
922 2296 967 2362 de
987 2289 1053 2362 bac
1104 2303 1156 2359 cst
1175 2293 1245 2360 τοῦ
1264 2285 1501 2380 κατέχοντος,
1535 2287 1707 2360 Diabolus
1733 2288 1878 2382 κατέχει
1908 2293 2088 2364 ἰατταταῖ-

59 2390 197 2461 rnultos
217 2402 254 2461 ct
275 2393 451 2484 sapientes
472 2409 578 2487 atque
599 2396 678 2485 pios
700 2391 873 2480 habebat,
899 2418 1051 2487 quorum
1104 2408 1198 2459 ctum
1226 2386 1349 2459 Esaiae
1372 2383 1609 2482 κατεχόμεθα
1637 2388 1714 2484 μὴν
1735 2389 1810 2489 Λχοὶρ
1832 2388 1906 2464 ὑπὸ
1928 2401 1998 2467 τοῦ
2019 2420 2089 2467 πο-

59 2490 232 2583 deinceps
254 2514 320 2563 suo
343 2495 423 2565 loco
442 2497 634 2567 referemus
658 2498 806 2591 aliquos.
864 2494 1054 2586 ltaigitur
1102 2496 1239 2587 trappas),
1266 2483 1492 2586 πεπρᾶμενοι
1507 2488 1581 2564 ὑπὸ
1600 2487 1670 2586 τὴν
1688 2489 1878 2586 ἁμαρτίαν
1902 2509 1966 2569 etc.
1993 2504 2089 2591 quod

60 2604 257 2687 antequanm
279 2607 399 2664 octava
430 2598 613 2668 audiretur
638 2576 890 2670 comitantibus
912 2622 992 2666 cum
1018 2611 1053 2666 et
1103 2607 1349 2684 argumetum
1368 2607 1443 2663 tum
1460 2596 1617 2665 solvebat
1636 2604 1741 2689 atque
1756 2597 1970 2685 explicabat,
1998 2626 2089 2693 quo-

58 2696 322 2765 deducentibus
336 2698 478 2768 duobus
491 2700 531 2767 in¹
549 2694 707 2769 scholam
725 2699 904 2791 publicam
920 2698 1053 2767 doctri·
1103 2698 1210 2764 modo
1233 2696 1376 2763 diabolo
1401 2720 1475 2763 non
1498 2697 1712 2767 deberentur
1736 2690 1871 2793 λύτρα,
1906 2699 2089 2793 aliqtumto

58 2820 131 2865 nae
152 2818 238 2867 suae
260 2798 463 2878 descendit,
490 2802 527 2869 in
551 2827 622 2894 quo
644 2803 807 2871 consulto
830 2824 910 2871 enen
935 2823 1053 2869 errare
1104 2822 1208 2891 quam
1232 2798 1270 2866 fn
1293 2822 1313 2866 a
1336 2795 1510 2886 Gregorio
1527 2797 1711 2882 disertius,
1730 2812 1766 2867 ct
1791 2800 1942 2889 planius.
1994 2800 2089 2874 Haec

59 2896 305 2989 patiebamur,
332 2914 369 2971 ut
391 2901 496 2971 lectio
522 2904 830 2988 interverteretur,
855 2902 918 2973 etsi
937 2902 1052 2992 suspi-
1103 2898 1206 2968 lectio
1223 2922 1297 2966 nou
1316 2899 1466 2967 multum
1482 2900 1574 2968 ultra
1593 2904 1824 2991 quadrantem
1844 2896 1930 2969 hora
1954 2908 2089 2993 produ·
2123 2936 2126 2941 ·

59 3000 234 3071 cabamnr
265 3024 347 3069 eum
382 3003 535 3074 alienam
568 3000 692 3075 horam
726 3004 934 3097 professoris
967 3004 1053 3088 eius,
1103 3013 1158 3069 cta
1183 2999 1268 3083 luit,
1294 3013 1327 3068 et
1350 2992 1444 3067 baud
1471 3001 1599 3069 scimus
1623 3024 1666 3067 an
1687 3002 1882 3069 breviorem
1899 3004 2088 3075 lectionem

59 3100 165 3170 cuius
186 3112 240 3172 est
257 3096 344 3173 hora
358 3119 499 3192 octava,
531 3130 636 3198 quem
660 3118 736 3177 tum
760 3130 906 3199 peregre
933 3108 1053 3174 abesse
1102 3100 1240 3193 abipso
1255 3096 1572 3170 babitamantehac
1590 3124 1692 3169 neum
1711 3103 1923 3177 meminerit.
1950 3105 2010 3174 Sic
2020 3108 2088 3197 igi-

62 3200 218 3288 sciebat,
235 3204 337 3274 obire
352 3207 452 3279 velle.
504 3206 562 3277 Ad
577 3209 748 3278 auditorii
762 3211 855 3278 fores
869 3231 950 3279 cnm
967 3231 1050 3298 per·
1102 3219 1163 3274 tur
1175 3217 1253 3295 post
1268 3202 1403 3274 linitam
1422 3202 1606 3273 lectionem
1622 3202 1749 3272 iterum
1765 3207 1912 3273 domum
1927 3216 2089 3279 reversus

60 3304 238 3389 venisset,
267 3304 317 3376 ita
344 3308 489 3394 cecidit,
519 3322 560 3378 ut
582 3309 750 3401 perpauci
774 3305 975 3379 scholastici
1000 3308 1053 3378 ibi
1102 3306 1221 3375 statim
1241 3305 1281 3374 in
1297 3304 1455 3375 Labrum
1471 3328 1582 3399 aquae
1599 3303 1943 3391 calidaedcscendit‚
1970 3323 2005 3380 et
2031 3312 2087 3380 lo·

61 3406 247 3491 adessent,
283 3430 436 3502 cumque
460 3410 717 3499 significaretur
737 3410 771 3479 ei
793 3415 953 3479 nondum
980 3432 1053 3480 csse
1103 3420 1220 3477 menta
1252 3422 1362 3499 atque
1393 3408 1580 3477 unctiones
1606 3403 1787 3476 adhibitae
1813 3408 1911 3478 fuere
1937 3411 2019 3479 illae¹
2045 3414 2108 3481 de·

60 3506 223 3577 auditam
246 3521 426 3596 octavam,
464 3511 551 3606 quid
585 3512 695 3601 igitur
719 3508 779 3582 hic
801 3511 962 3602 agimus?
994 3512 1060 3579 in-.
1103 3509 1234 3600 quibus
1265 3531 1371 3599 supra
1404 3508 1576 3591 diximus,
1624 3534 1774 3601 cumque
1808 3533 1871 3598 per
1901 3513 2086 3582 dimidiam

60 3610 162 3702 quit,
185 3612 453 3703 atquedomum
470 3626 667 3697 revertens,
693 3614 738 3684 ab
753 3614 878 3683 iisdem
894 3613 955 3706 qui
970 3636 1052 3684 eum
1104 3606 1229 3679 horam
1263 3609 1301 3678 in
1334 3609 1435 3679 labro
1466 3609 1655 3679 desedisset
1691 3613 1734 3679 ad
1765 3612 1956 3702 prandium
2002 3612 2086 3685 inde

60 3710 290 3783 deduxerunt
305 3716 470 3783 reductus
488 3729 549 3784 est.
603 3713 701 3785 luter
724 3719 877 3785 eundem
900 3716 1054 3799 dicebat,
1104 3734 1259 3801 egressus
1276 3725 1327 3782 est
1348 3710 1516 3782 omnibus
1538 3712 1643 3781 rebus
1660 3712 1707 3782 ita
1727 3736 1763 3781 se
1777 3714 1945 3783 dantibus
1966 3731 2005 3786 ut
2019 3718 2088 3785 mi.

61 3810 94 3883 si
108 3808 346 3903 Kemberqam
369 3838 483 3909 usque
497 3819 723 3907 procederem
744 3818 902 3887 fortassis
925 3817 1053 3886 melius
1104 3838 1171 3883 nus
1188 3815 1218 3882 ei
1237 3827 1451 3883 metueretur
1466 3828 1500 3883 et
1516 3828 1554 3884 ut
1575 3828 1655 3883 ante
1680 3838 1781 3907 saepe
1806 3815 1854 3883 ita
1882 3832 1956 3885 tum
1981 3818 2087 3888 'etiam

62 3914 338 3998 succumberet,
363 3920 460 4009 quod
483 3919 694 4011 oppidulum
716 3919 823 3990 distat
838 3918 1051 4006 Witebcrga
1104 3916 1277 3986 ocalculo
1293 3928 1431 3985 tantum
1449 3916 1566 3985 omnis
1591 3916 1753 3985 debilitas
1776 3916 1929 3985 extitisse
1952 3919 2089 3989 iudica-

62 4014 251 4109 aliquanto
286 4017 449 4107 longiore
479 4020 597 4110 spacio
628 4045 735 4114 quam
767 4035 820 4090 est
842 4043 1053 4112 parasangas
1103 4030 1211 4090 retur.
1266 4016 1307 4086 ln
1323 4016 1472 4108 prandio
1489 4040 1675 4109 perparum
1691 4032 1725 4088 et
1741 4019 1956 4104 comedebat,
1983 4022 2089 4090 etbi-

62 4116 194 4203 untes,
224 4141 315 4211 quae
337 4114 444 4191 babet
473 4123 613 4191 miliare
633 4122 872 4211 germanicum
900 4122 1054 4205 brevius,
1097 4119 1229 4200 bebat,
1258 4113 1528 4188 hilariusculum
1550 4144 1587 4189 sc
1611 4133 1746 4204 tamen,
1777 4133 1814 4190 et
1832 4142 1912 4191 eum
1939 4123 2087 4193 omniuo

63 4214 144 4291 Etsi
158 4232 277 4291 antem
293 4232 430 4291 tantum
448 4221 586 4293 itineris
604 4224 666 4293 illa
680 4224 884 4293 valetudine
903 4246 965 4291 sua
990 4246 1054 4291 ne·
1105 4220 1314 4312 praebebat,
1337 4235 1379 4292 ut
1391 4220 1586 4310 periculum
1611 4219 1649 4289 in
1668 4222 1861 4311 praesentia
1885 4238 2088 4314 superatum

65 4315 246 4413 'quaquam
270 4323 442 4419 oosqbcere
463 4325 651 4413 potuisset,
703 4324 786 4394 Post
812 4319 905 4394 banc
935 4337 1053 4393 tamen
1104 4344 1179 4391 csse
1192 4322 1351 4417 plerique
1372 4322 1599 4397 confiderent.
1651 4320 1776 4393 Postea
1794 4325 1904 4416 quieti
1927 4326 2088 4413 sededit,

63 4446 143 4495 non
161 4424 302 4511 longam
320 4424 467 4495 itionem
485 4427 530 4495 de
543 4452 613 4519 qua
630 4425 783 4496 diximus
803 4425 948 4496 allevari
963 4450 1055 4493 uon-
1106 4437 1140 4494 et
1155 4425 1325 4493 dormivit
1344 4448 1406 4515 per
1422 4419 1525 4492 horas
1540 4426 1650 4495 lerme
1667 4440 1747 4504 tres,
1768 4426 1831 4518 qui
1845 4447 1991 4496 somnus
2005 4452 2087 4497 eum

66 4518 165 4595 nibil
187 4524 284 4593 visus
307 4524 397 4611 luit,
426 4540 468 4599 ut
491 4530 637 4597 domum
668 4551 829 4597 reversus
849 4528 1055 4598 meliuscule
1105 4526 1154 4594 ita
1187 4526 1426 4610 collimavit,
1467 4539 1507 4596 ut
1544 4549 1621 4618 spes
1646 4526 1752 4597 simul
1786 4527 1947 4595 omnium
1979 4531 2089 4621 magis

69 4618 240 4707 baberet,
264 4631 512 4716 perseverabat
525 4643 641 4699 autem
657 4629 695 4698 in
710 4630 884 4699 sententia
907 4655 943 4699 se
967 4625 1054 4698 hora
1106 4626 1384 4701 confirmaretur.
1444 4628 1537 4697 Ante
1565 4652 1710 4698 coenam
1742 4628 1948 4718 scriptiones
1978 4646 2089 4701 certas

66 4750 168 4797 nona
182 4726 356 4799 lecturum
372 4752 464 4810 esse,
490 4734 585 4821 quod
610 4732 673 4801 etsi
689 4745 791 4800 erant
807 4734 870 4825 qui
894 4745 1055 4801 averten-
1107 4728 1330 4813 absolvebat,
1364 4741 1399 4799 et
1434 4754 1514 4797 cum
1541 4729 1579 4798 in
1601 4754 1709 4799 coena
1736 4741 1876 4820 postea,
1907 4743 1983 4801 tum
2012 4747 2090 4825 post

66 4834 157 4899 durn
187 4828 387 4900 indicarent
418 4831 674 4919 significatione
706 4835 882 4901 contraria
917 4834 1057 4924 publice
1108 4827 1199 4899 hanc
1220 4826 1313 4899 nihil
1337 4828 1702 4911 animadvertebatur,
1736 4834 1832 4925 quod
1851 4856 1948 4923 spem
1970 4858 1990 4903 a
2014 4835 2089 4926 ple·

66 4930 273 5023 proposita,
305 4946 346 5003 nt
368 4946 549 5003 revertens
572 4934 751 5006 auditores
775 4935 894 5005 nullos
916 4934 1059 5003 inveni·
1108 4933 1227 5025 risque
1242 4946 1446 5024 conceptam
1464 4933 1681 5019 debilitaret,
1705 4934 1799 5002 vires
1813 4946 1931 5003 tamen
1955 4958 1993 5004 se
2014 4957 2089 5003 non

68 5045 145 5115 ret,
168 5044 423 5103 contratamen
443 5030 510 5104 hoc
530 5038 754 5107 metuebatur
773 5060 818 5106 ne
838 5060 877 5105 ea
893 5038 1057 5105 adversa·
1108 5034 1405 5119 corroborabant‚
1439 5036 1498 5101 sed
1534 5034 1685 5125 languor
1714 5034 1938 5106 imbecillitas
1973 5034 2091 5126 potius

69 5134 171 5205 tione
193 5146 230 5203 ct
249 5132 480 5207 frustratione
503 5137 567 5207 tali
581 5139 629 5207 ita
643 5138 902 5223 offenderetur,
928 5152 967 5207 ut
988 5138 1059 5207 ira·
1110 5132 1235 5205 barum
1263 5138 1426 5205 manebat
1452 5158 1527 5203 non
1550 5136 1663 5205 multo
1700 5140 1818 5205 minor
1851 5160 1956 5229 quam
1988 5160 2091 5206 mane

71 5234 228 5307 cundiac
244 5237 433 5308 commotio
448 5238 479 5306 ei
499 5239 579 5328 plus
593 5253 753 5324 noceret,
778 5264 885 5332 quam
907 5239 1060 5310 ulladc-
1111 5240 1232 5309 lecerat.
1284 5237 1360 5307 Nox
1385 5262 1534 5329 sequeus
1558 5240 1700 5327 gravior
1724 5253 1816 5317 erat,
1843 5261 1912 5330 qua
1929 5238 2089 5328 primum

69 5336 253 5429 fatigatio,
276 5336 312 5409 id
337 5343 434 5437 quod
457 5342 588 5411 lactum
610 5341 744 5411 fuisset.
799 5340 922 5437 ltaque
946 5364 1060 5437 neque
1111 5336 1369 5433 deprehensum
1387 5339 1838 5511 s⁰³¹1¹ffl¹id¹”⁰'ffi‘⁸⁸⁰¹'
1860 5342 2093 5433 quolabnra·
