4546 5760
625 183 634 190 ·
740 153 1062 239 cARMtNUM
1109 153 1216 237 ΗΒ.
1243 154 1322 237 111.
1961 148 2038 247 602

94 331 224 405 rtebrae
240 331 344 399 nobis
360 332 565 401 subeundae
579 326 734 399 Ecclesia
754 331 827 401 sola
844 347 906 416 est,
1047 325 1158 409 Pestis
1175 325 1370 422 Agrippina
1385 352 1466 401 cum
1480 339 1746 421 grassaretur'iu
1763 340 1852 413 urbe

94 454 182 527 ‚qua
197 430 382 522 Evangelii
399 436 562 520 dogmata
581 456 668 522 pura
685 447 824 503 sonant.
1095 414 1240 522 Eripuit
1254 456 1377 501 saevae
1392 457 1541 525 corpora
1558 438 1667 508 multa
1686 442 1775 513 neci.

94 558 165 641 que
181 535 276 623 Deus
291 535 417 606 transit
434 559 496 625 per
512 532 644 602 Mundi
660 535 776 604 secula
791 550 928 617 cuncta,
1047 529 1087 600 ld
1103 533 1268 609 meritum
1284 535 1375 623 grati
1391 536 1484 607 cives
1499 539 1711 625 meminere,
1736 543 1925 638 feruntque

94 650 104 709 t
121 650 241 707 coetus
257 636 396 728 aliquos
412 639 533 725 iungat
549 650 582 706 et
599 637 671 727 ipse
687 635 769 708 sibi.
1096 633 1147 702 Ac
1164 649 1274 704 artem
1291 638 1437 727 laudant
1452 639 1677 732 officiumque
1693 644 1774 714 viri.

94 761 199 829 genus
213 735 408 809 humanum
425 739 522 831 quod
537 738 651 826 imago
667 739 793 810 debuit
807 762 880 809 esse
1044 730 1199 805 Dotibus
1214 733 1270 825 his
1284 739 1391 809 tantis
1405 754 1519 811 castos
1531 743 1724 834 adiungere
1737 770 1866 827 mores,

94 854 227 911 utorern
244 842 421 921 referens,
445 862 551 910 omne
568 840 687 932 purire
701 840 796 911 sinit.
1094 834 1144 909 Et
1156 826 1293 910 studuit
1307 865 1390 910 vera
1405 857 1523 913 mente
1538 844 1662 915 timere
1677 846 1806 919 Deum.

94 965 173 1037 tque
183 943 253 1013 sibi
262 943 436 1026 adiunxit,
459 943 632 1012 locatuno
646 942 684 1011 in
695 942 825 1013 vertice
834 955 992 1029 cunctos,
1043 934 1138 1009 Huic
1161 953 1279 1011 tamen
1302 943 1455 1015 extincto
1478 946 1647 1038 quidam,
1671 949 1733 1040 qui
1756 950 1885 1041 templa
1901 949 2030 1042 guber-

94 1068 163 1115 tmo
177 1044 280 1115 illum
297 1069 337 1114 cx
353 1044 421 1113 alia
437 1068 579 1115 cernere
593 1047 675 1112 sede
692 1058 816 1134 potest.
1555 1063 1653 1134 naut,

94 1168 191 1217 ecem
209 1162 422 1236 agnoscunt,
444 1160 478 1215 et
493 1146 580 1215 lacta
597 1144 752 1235 ingentia
770 1148 925 1226 dextrae,
1094 1139 1177 1211 lura
1192 1145 1392 1234 sepulturae
1407 1161 1526 1219 sancta
1541 1149 1729 1244 locumque
1744 1169 1883 1241 negant.

94 1262 347 1343 mesentemque
363 1249 486 1343 vident
501 1270 639 1337 semper
654 1248 774 1316 adesse
791 1245 920 1319 Deum.
1042 1241 1124 1313 Non
1140 1245 1259 1337 aliquo
1275 1248 1380 1317 talem
1397 1251 1528 1320 meruit
1543 1275 1608 1342 pro
1623 1254 1771 1323 crimine
1788 1226 1953 1345 poenam,
2004 1232 2007 1241 ¹

94 1362 268 1442 celantque
282 1351 368 1419 olim
384 1363 554 1420 venturae
569 1349 697 1437 gaudia
714 1349 818 1433 vitae,
927 1354 932 1365 ’
1093 1346 1276 1439 Sedquod
1294 1347 1388 1419 Vera
1402 1347 1471 1421 Dei
1487 1353 1581 1422 iussa
1596 1355 1771 1444 professus
1785 1371 1871 1432 erat.

94 1452 208 1549 :oborta
224 1477 313 1546 quae
329 1453 430 1521 nullo
445 1466 528 1522 sunt
540 1449 695 1542 peritura
712 1451 780 1519 die.
1043 1445 1126 1519 Sola
1141 1449 1227 1519 nori
1239 1449 1308 1521 fuit
1324 1451 1423 1523 iratis
1438 1447 1523 1523 haec
1539 1477 1642 1525 eausa
1657 1456 1801 1538 furoris,

94 1576 109 1623 c
123 1578 190 1623 nec
204 1568 308 1623 eruut
321 1553 532 1623 discedentis
548 1552 692 1637 vestigia
709 1565 859 1642 tautum,
1092 1548 1176 1627 Non
1188 1546 1376 1640 Evangelii
1389 1554 1526 1627 lumina
1542 1557 1635 1625 ferre
1650 1572 1795 1652 queunt,

94 1678 127 1737 tc
141 1669 278 1726 tautum
293 1657 397 1742 longe
412 1669 506 1742 terga
524 1653 673 1720 ridenda
692 1650 775 1721 Dei:
1042 1648 1123 1719 lluc
1143 1652 1249 1739 igitur
1264 1650 1427 1729 Bonnam
1443 1678 1571 1748 corpus
1587 1660 1791 1731 venerabile
1804 1657 1954 1735 Rhenus

94 1757 230 1847 fulgore
245 1781 337 1824 novo
356 1757 501 1846 propius
515 1755 749 1844 spectabimus
764 1775 838 1835 ora,
1093 1749 1232 1823 Detulit
1243 1755 1407 1831 adversis·
1417 1756 1595 1829 officiosus
1610 1760 1723 1854 aquis·

94 1858 243 1951 >lloquio
257 1858 401 1926 dabitur
413 1855 751 1946 perpetuoque-frui.
1041 1851 1089 1923 Et
1105 1855 1212 1923 sarnus
1227 1859 1539 1946 magnogemitum
1553 1882 1635 1933 cum
1647 1863 1793 1939 duceret
1807 1859 1952 1953 isthinc,

94 1984 161 2031 anas
176 1981 296 2029 causas
310 1959 468 2050 inspecto
483 1958 580 2027 fonte
594 1956 755 2039 sciemus,
1094 1952 1236 2025 Dicitur
1251 1980 1270 2028 a
1287 1953 1476 2052 lachrymis
1494 1945 1706 2034 intumuisse
1719 1968 1802 2039 suis.

94 2072 232 2153 tgratae
246 2071 381 2128 mentes
398 2081 544 2128 mernere
560 2069 656 2128 tanta
673 2068 811 2133 canent,
936 2062 939 2067 ’
1043 2055 1113 2128 Sed
1127 2080 1227 2126 mens
1243 2081 1322 2127 cara
1336 2057 1431 2141 Deo,
1457 2065 1553 2151 quod
1570 2085 1631 2152 spe
1643 2067 1807 2158 votisque
1818 2069 1955 2159 petivit,
1985 2117 1992 2129 .

94 2187 141 2235 rea
157 2163 260 2233 bellis
272 2163 473 2231 lacerantur
486 2180 613 2249 regna,
637 2182 788 2251 setasque
1068 2205 1071 2209 -
1092 2157 1197 2251 Nune
1212 2159 1345 2237 fruitur
1358 2160 1462 2231 vultu
1477 2161 1628 2233 maxime
1643 2161 1784 2238 Christe
1801 2181 1874 2240 tuo.

94 2295 99 2335 ι
113 2287 245 2359 poenas
261 2264 333 2334 sato
351 2263 506 2335 mundus
518 2261 651 2352 ubique
667 2259 751 2331 ruit.
1176 2258 1179 2265 '
1860 2272 1863 2277 ·

94 2367 168 2437 elut
182 2365 331 2455 aggestis
346 2363 504 2458 Tytanas
518 2361 702 2433 montibus
716 2379 831 2434 ausos,
971 2382 974 2389 ·
1053 2378 2026 2423 --·--,-------—-—----⁶--

94 2470 112 2539 tl
127 2469 315 2538 sublimem
331 2480 453 2537 arcton
469 2465 636 2533 scandere
649 2463 742 2545 sama
758 2462 877 2545 refert,

94 2584 228 2664 ttosque
246 2569 349 2639 astris
365 2565 544 2650 extinctis,
566 2565 686 2643 omnia
702 2585 824 2634 rursus
1042 2524 1222 2649 Q
1383 2616 1389 2627 .
1857 2567 1906 2610 ⁸⁰·
1923 2545 2016 2612 1543·

94 2702 100 2742 ι
115 2687 216 2744 vetus
232 2685 265 2741 et
283 2693 426 2739 coecum
441 2681 577 2738 vertere
591 2666 698 2736 mixta
716 2661 837 2734 chaos:
918 2718 923 2733 ,.
1851 2636 2022 2665 Μ

94 2766 158 2849 :ica
170 2775 220 2842 sic
233 2773 350 2842 rabies
364 2770 494 2862 passim
509 2792 582 2839 sese
597 2766 706 2858 impia
720 2768 838 2839 iactat:

94 2877 235 2948 dvcrsus
251 2888 396 2962 gnatum
413 2872 504 2941 bella
520 2892 662 2939 movere
678 2865 765 2949 Dei.¹
911 2942 915 2949 ¹
1222 2892 1467 2993 Eppapmum
1487 2904 1637 2996 cmpos
1662 2909 1712 2979 νο
1735 2911 1839 2984 'me

94 2982 167 3072 'que
182 3001 262 3046 cum
278 2975 385 3047 variis
401 2974 581 3067 quatiam
595 2970 753 3041 motibus
768 2964 891 3052 Orbis,
912 3030 915 3037 .
969 3046 983 3055 ..
1086 3036 1088 3040 Α
1710 2933 1736 3005 9
1841 2959 1853 2981 '

94 3092 230 3148 terrent
244 3072 378 3147 Christi
395 3075 506 3143 mirlta
520 3072 649 3165 pericla
665 3094 817 3164 gregem.
1045 3067 1188 3157 Frigida
1205 3066 1243 3137 in
1258 3061 1329 3136 hoc
1341 3066 1479 3153 tumulo
1496 3065 1633 3138 Mariae
1649 3085 1732 3142 sum
1748 3093 1828 3145 ossa
1842 3078 1988 3169 sepulta,

94 3195 212 3251 tamen
228 3175 293 3248 hos
311 3179 403 3247 inter
418 3191 589 3252 terrores,
616 3174 756 3265 sataque
773 3172 899 3241 muudi
1097 3170 1197 3261 Quam
1214 3169 1331 3240 iuncta
1346 3165 1477 3260 Cleops
1491 3170 1636 3241 nomine
1652 3173 1745 3245 dieta
1759 3175 1840 3248 suit·

94 3294 185 3354 extra
203 3281 280 3373 pios
297 3292 415 3350 coetus
429 3276 582 3370 protegit
597 3274 670 3367 ipsa
685 3273 766 3344 Dei.
971 3310 974 3315 ·
1044 3270 1162 3361 Digna
1191 3271 1335 3363 quidem
1357 3264 1426 3340 hoc
1447 3270 1570 3355 titulo,
1607 3298 1696 3365 quae
1715 3300 1832 3349 mores
1853 3277 1926 3373 ipsa
1947 3305 2031 3375 pro-

1219 3456 1224 3465 ·
1559 3374 1647 3444 sessa
1665 3388 1731 3459 est,
1802 3428 1807 3437 .
1828 3456 1833 3465 1

94 3496 993 3573 w
1097 3469 1270 3561 Exemplo
1284 3466 1433 3558 Cleopes
1446 3495 1599 3562 congrua
1617 3476 1688 3546 vita
1704 3476 1785 3550 fuit.

1048 3574 1271 3666 Supplicium
1287 3573 1429 3663 quando
1447 3596 1510 3662 pro
1528 3572 1631 3644 nobis
1647 3571 1810 3649 Christus
1825 3582 1950 3671 obivit,

94 3678 176 3752 200.
818 3666 989 3784 Q
1099 3673 1279 3764 Sanguine
1293 3687 1333 3743 ut
1346 3673 1507 3746 ablueret
1520 3677 1670 3746 crimina
1685 3695 1805 3752 nostra
1822 3705 1899 3766 suo,

94 3773 186 3802 Ν
1049 3779 1155 3852 Tunc
1170 3775 1303 3865 Cleope
1320 3789 1488 3845 moestam
1504 3777 1665 3849 comitari
1681 3794 1732 3850 cst
1744 3805 1828 3853 ausa
1846 3806 2017 3878 sororem,

94 3895 160 3970 ipat
180 3893 306 3949 vincent.
325 3909 351 3964 p.
362 3889 424 3943 240.
1101 3879 1198 3951 Vicit
1211 3879 1305 3948 enim
1324 3877 1435 3968 pietas
1447 3901 1529 3946 vera
1547 3880 1701 3974 fidesque
1716 3894 1865 3958 metum:
1911 3938 1919 3975 ,

97 4079 121 4127 a
149 4053 189 4126 h,
299 4048 378 4123 Η
443 4053 480 4118 t.
531 4046 564 4115 L
686 4043 744 4112 l..
821 4041 860 4111 D
905 4047 921 4112 t
971 4044 980 4062 .
1049 3964 1264 4097 Et'missum·
1278 3974 1623 4072 hunc‘coelotestata
1639 3997 1776 4054 estesse
1792 3989 2011 4078 magistrum,

124 4075 256 4147 ΡΜ
337 4072 480 4122 ²⁰7²
570 4065 679 4140 ΟΨ
706 4068 767 4130 '⁸’
860 4062 903 4111 ⁰⁰
922 4062 1000 4113 ⁰7⁸⁸
1102 4082 1217 4176 Seque
1233 4103 1309 4150 erus
1326 4093 1400 4152 toto
1415 4092 1553 4170 pectore
1569 4083 1694 4172 dogma
1713 4088 1824 4180 sequi.

94 4157 212 4232 tdt'csse
234 4158 333 4279 ‘375⁸
340 4204 353 4244 a
371 4155 445 4245 '‘lui
466 4155 645 4272 imm,
658 4152 713 4266 ⁰³?
734 4142 771 4214 d·
796 4138 859 4216 3⁰⁸
874 4147 974 4216 Maii
1052 4186 1112 4259 Sic
1125 4181 1254 4274 Cleope
1269 4194 1384 4269 nuper
1398 4181 1535 4251 tumulo
1554 4208 1645 4275 quae
1658 4186 1826 4261 conditur
1839 4190 1907 4266 isto

216 4255 326 4330 1⁰4³·
353 4256 524 4325 ⁰⁰l⁰m⁰0
551 4250 796 4345 ‘⁴97²PP‘nfle·
923 4328 926 4333 Δ
1102 4283 1168 4358 Est
1181 4281 1417 4375 Evangelium
1433 4288 1718 4375 menteprofessa
1734 4311 1809 4375 sua,
1908 4247 1919 4279 ’

105 4407 237 4499 ῑρὸῑω,
251 4402 342 4474 saxo
361 4397 502 4470 Giherti
520 4416 646 4486 eorpus
663 4392 780 4475 inane,
1052 4389 1126 4461 Nec
1139 4386 1265 4456 metuit
1283 4385 1431 4468 rabiem,
1459 4397 1492 4453 et
1510 4387 1701 4473 petulantia
1713 4391 1842 4478 probra
1852 4395 2037 4485 malorum,

94 4507 259 4602 ongoliae
273 4503 385 4595 gentis
403 4501 466 4594 qui
484 4498 553 4569 suit
569 4499 657 4566 alter
674 4490 799 4563 honos.
1106 4487 1178 4578 Qui
1194 4499 1365 4576 spernunt
1379 4485 1471 4576 leges
1484 4486 1616 4577 optime
1630 4483 1769 4560 Christe
1783 4506 1872 4578 tuas,

94 4628 196 4687 ‚mem
212 4605 365 4677 Ausonii
383 4604 466 4672 vivo
482 4598 653 4671 Cicerone
670 4595 892 4687 probassent,
1055 4586 1207 4663 Addidit
1222 4603 1257 4658 et
1273 4600 1385 4657 castos
1399 4610 1538 4678 semper
1553 4590 1629 4658 siue
1642 4590 1791 4660 crimine
1805 4618 1931 4681 mores,

94 4716 203 4785 mus
219 4710 258 4778 5ss
274 4706 408 4800 eloquii
423 4702 570 4774 flumine
584 4698 754 4792 splendor
766 4708 850 4764 erat.
1105 4687 1208 4762 Esset
1221 4702 1262 4760 ut
1278 4689 1476 4781 exemplum
1492 4690 1563 4760 vita
1578 4692 1706 4782 pudica
1722 4693 1836 4764 bonis.

94 4840 166 4911 [uae
182 4810 365 4883 doctrinae
381 4807 497 4878 tontes
511 4815 607 4874 tenet
621 4798 740 4871 Attica
753 4797 888 4887 lingua,
1055 4791 1174 4884 thue
1189 4792 1276 4861 olim
1292 4787 1423 4881 Cleope
1438 4789 1539 4861 solita
1556 4805 1608 4862 est
1623 4793 1754 4863 servire
1768 4798 1896 4885 sorori,

94 4921 127 4988 ῖς
142 4917 209 5009 {psi
225 4927 394 5005 tanquam
409 4906 522 5000 patria
536 4917 620 4974 nota
636 4903 716 4973 fuit.
1106 4889 1247 4985 Officiis
1262 4891 1384 4982 inopes
1395 4891 1484 4961 fovit
1500 4907 1534 4962 et
1548 4892 1622 4982 ipsa
1640 4893 1719 4985 piis.

94 5044 170 5091 arae
185 5017 301 5086 varios
316 5011 442 5082 didicit
458 5020 646 5100 motusque
661 5003 826 5094 vicesque
1056 4992 1153 5085 Ergo
1168 4994 1310 5065 virtutis
1323 4993 1439 5065 cultor
1453 4990 1604 5081 Voglere
1619 4993 1763 5085 Georgi,

94 5123 116 5194 'p
131 5143 220 5217 quae
237 5118 329 5186 soeg,
346 5110 536 5183 hominum
551 5128 700 5177 munera
716 5116 809 5173 terra
824 5099 928 5192 parit.
1110 5096 1165 5169 Te
1180 5097 1242 5167 tali
1257 5097 1421 5166 orbatum
1439 5095 1587 5185 coniuge
1605 5096 1681 5166 inre
1697 5101 1805 5169 doles.
1883 5158 1887 5164 .

95 5224 150 5295 uit
164 5236 199 5293 et
214 5217 386 5288 medicam
403 5216 594 5305 dextreque
610 5204 767 5277 exercuit
779 5216 902 5284 artem,
1060 5199 1162 5290 Quae
1179 5198 1309 5281 forma,
1334 5197 1494 5287 iugenio,
1520 5220 1659 5268 morum
1676 5202 1846 5292 gravitate
1861 5204 2032 5298 placebat,
2102 5220 2123 5243 ³

94 5322 236 5417 tegrotis
252 5319 378 5391 solitus
394 5316 486 5387 ferre
502 5313 707 5408 frequenter
722 5328 837 5401 opem.
911 5395 914 5399 .
1012 5382 1018 5396 .
1110 5298 1416 5390 Plagrabatcuius
1429 5310 1683 5470 pepprsamore
1697 5303 1763 5378 tui.

1112 2740 1197 2814 aput
1211 2734 1344 2795 *uastae
1360 2756 1388 2808 p.
1407 2740 1464 2799 llE
