4546 5760
62 208 143 287 sss
431 275 437 309 ,
656 200 1085 300 ouansmonas
1115 200 1511 281 scansurum
2026 204 2102 285 rso

64 384 311 481 partirentur,
346 379 413 454 etsi
435 381 524 477 quid
550 382 686 452 deesset
716 381 899 474 aperiodi
933 379 1059 452 solaris
1079 391 1228 513 'centos
1243 379 1666 475 sexagintaquiuquedies
1680 380 1905 453 extendatur.
1938 378 2012 453 Nec
2029 383 2096 452 du·

64 486 301 583 perfectione,
322 485 419 580 quod
447 484 840 566 collatioostendebat,
867 485 1058 577 explerent.
1105 482 1204 569 bito,
1230 477 1339 553 huius
1356 484 1444 554 anni
1459 484 1765 569 observationem,
1790 504 1914 566 nsum,
1936 486 2097 578 adeoque¹

64 588 278 683 Hinea'pnd
292 601 415 677 gentes
431 586 601 682 reliquas,
626 586 758 681 quibus
774 585 813 656 in
829 609 897 659 usu
911 588 1059 657 lnern'nt
1106 597 1216 656 totam
1233 584 1410 656 rationem
1432 610 1452 657 a
1467 586 1593 679 primis
1607 587 1726 679 primo
1743 608 1904 657 manasse
1918 585 2095 672 Patribus,

64 692 232 766 Lunares
251 689 359 776 anni,
394 691 536 760 dierum
560 692 641 765 τῶν
665 686 838 762 suanm
857 682 922 761 καὶ
942 684 1057 784 ὕπερ·
1106 700 1142 758 et
1163 685 1324 780 exemplo
1343 684 1491 759 Patmm
1519 691 1565 760 ab
1591 688 1787 760 artificibus
1808 702 1930 782 postea
1966 711 2094 779 magns

64 794 290 894 βαινουσῶν
305 792 419 881 origo.
470 786 635 863 Omnino
651 792 762 883 igitur
774 792 951 863 rationem
970 791 1057 862 anni
1105 813 1190 860 cura
1208 813 1346 882 semper
1361 805 1604 863 conservatam
1622 792 1753 877 fnisse,
1777 804 1817 862 nt
1831 792 1924 861 veris
1940 806 1976 864 et
1992 791 2093 863 iustis

65 898 200 970 veteris
212 896 253 968 in
267 893 402 990 populo
416 890 486 964 Dei
507 918 549 966 ex
564 896 752 989 utriusque
774 894 924 965 luminis
943 895 1057 964 cursi-
1106 892 1234 985 spaciis
1263 893 1371 964 series
1391 906 1592 987 temporum
1619 895 1732 964 divisa
1768 908 2024 986 propagaretur
2048 895 2095 963 ad

65 1002 137 1073 bus
151 1001 341 1072 deductam
358 996 486 1084 fuisse,
511 1010 619 1092 atque
633 997 866 1089 compositam
883 996 1057 1083 existimo,
1105 1010 1281 1087 posteros,
1314 991 1587 1068 Astronomicae
1610 996 1793 1069 doctrinae
1814 1019 1937 1083 causa,
1963 996 2020 1069 cui
2047 997 2093 1066 ad

65 1105 117 1175 ita
132 1117 178 1175 ut
192 1124 398 1197 quanquam
415 1122 554 1171 menses
570 1101 615 1171 de
628 1098 754 1171 Lunae
775 1099 1056 1172 indicationibns
1105 1098 1394 1169 observationum
1415 1099 1662 1186 collationem,
1687 1102 1857 1194 (quarum
1882 1099 2094 1171 certitudine

65 1203 342 1289 distribuerint,
374 1202 542 1296 periodos
575 1216 695 1274 tamen
718 1202 872 1292 integras
899 1202 985 1273 solis
1010 1204 1056 1273 ad
1104 1201 1235 1274 veritas
1251 1203 1435 1272 doctrinae
1450 1199 1595 1297 nititur)
1607 1202 1777 1297 exquisita
1791 1225 1969 1272 annorum
1989 1225 2092 1294 prae-

65 1306 285 1404 requinoctii
299 1316 472 1399 punctum
490 1304 627 1392 reditu,
644 1304 863 1392 definierint,
880 1318 914 1376 et
929 1329 1056 1376 secun·
1104 1306 1291 1375 teritorum
1307 1304 1483 1375 dimensio
1505 1306 1657 1375 maxime
1673 1304 1867 1375 necessaria
1888 1318 1949 1376 est.
2003 1302 2094 1376 Cae-

67 1412 156 1483 dum
178 1404 425 1501 hesperiodos
444 1429 559 1478 annos
575 1407 809 1483 numerarint.
859 1405 936 1480 Cur
959 1407 1055 1478 enirn
1104 1419 1199 1477 terne
1220 1420 1341 1496 gentes
1361 1430 1445 1477 vero
1468 1408 1651 1503 antiquam
1675 1402 1768 1477 hanc
1797 1407 1958 1500 patribus
1981 1406 2092 1478 usita-

67 1536 137 1587 ceu
161 1510 303 1603 gemina
325 1510 541 1604 praefixisset
568 1510 696 1583 initia?
746 1506 797 1582 Et
823 1510 969 1605 quidem
992 1534 1057 1581 cur
1104 1524 1176 1580 tam
1194 1510 1280 1579 anni
1298 1511 1520 1580 notationem
1546 1525 1580 1583 et
1596 1510 1888 1581 distributionem
1903 1508 2091 1603 pleraeque

67 1616 242 1700 alterum,
281 1614 378 1708 quod
414 1613 454 1682 iu
487 1613 580 1683 diem
612 1613 829 1709 aequinoctii
858 1611 1057 1698 collocavit,
1105 1612 1321 1682 mutilarunt
1342 1635 1383 1681 ac
1405 1614 1655 1705 depravarunt.
1706 1609 1978 1684 Constituerunt
2004 1611 2093 1681 aliae

67 1715 308 1811 praemisisset
332 1715 434 1787 alteri
447 1711 564 1803 Deus,
588 1717 619 1787 si
638 1741 714 1788 non
737 1718 781 1786 ad
795 1714 890 1787 Solis
912 1739 1054 1787 cursum
1105 1715 1173 1784 alia
1206 1714 1330 1801 initia,
1371 1712 1502 1786 Graeci
1534 1711 1675 1812 sponde
1703 1710 1869 1810 θερινὸς.
1934 1712 2094 1788 Romani

67 1818 231 1893 revooeri
250 1832 287 1890 et
301 1817 415 1908 redigi
429 1841 606 1889 annorum
619 1820 787 1913 periodos
801 1818 998 1889 voluisset?
1104 1814 1295 1902 Brumam,
1319 1819 1528 1889 autumnale
1545 1818 1810 1913 aequinoctium
1827 1814 1977 1889 Asiatici
2004 1816 2092 1887 anni

179 1918 286 1991 Hanc
309 1920 354 1990 ab
377 1920 602 2014 aequinoctio
619 1946 730 1992 verno
753 1921 840 1992 anni
856 1912 1055 1993 inchoatio·
1104 1920 1322 2012 principium
1359 1920 1532 1992 iecerunt.
1600 1916 1765 2017 Aegyptii
1806 1933 1841 1991 et
1880 1917 2092 2016 Babylonii,

67 2046 151 2095 uem
166 2036 204 2095 st
216 2022 496 2107 dimensionem,
521 2036 563 2094 ut
576 2024 871 2117 antiquissimam,
896 2046 1056 2092 commo-
1104 2045 1306 2116 quanquam
1319 2022 1496 2114 principio
1511 2047 1592 2093 cum
1605 2023 1740 2117 populo
1749 2019 1816 2092 Dei
1831 2033 2092 2093 convenerunt:

66 2126 269 2211 dissimam,
295 2139 329 2196 et
355 2124 587 2196 certissimam
600 2121 765 2199 Artifices
788 2138 869 2218 post
891 2126 1055 2195 omnium
1104 2137 1221 2194 tamen
1232 2125 1404 2217 reliquam
1414 2125 1711 2197 totamrationem
1723 2139 1919 2199 mutarunt.
1947 2123 2091 2217 Quippe

26 2314 40 2327 ,
66 2243 271 2321 temporum
299 2226 442 2320 sequuti
474 2241 579 2315 sunt,
616 2241 653 2300 et
684 2229 923 2299 retinuerunt.
983 2226 1054 2299 Sed
1104 2250 1145 2297 ex
1168 2227 1337 2298 solarium
1360 2240 1499 2298 tantum
1521 2241 1684 2298 motuum
1708 2227 1855 2320 periodo
1876 2226 2012 2298 annum
2035 2226 2092 2297 di·

65 2354 150 2403 cum
177 2352 219 2401 ea
244 2328 453 2410 intervalla,
488 2354 579 2422 quae
611 2332 856 2402 reductionem
881 2328 978 2402 Solis
1009 2331 1054 2399 ad
1105 2328 1280 2400 variatum
1296 2328 1580 2424 conllatumque‚
1603 2344 1638 2400 et
1654 2353 1736 2398 enm
1753 2331 1899 2424 quidem
1918 2327 2091 2423 aequabi-

64 2434 165 2504 idem
198 2431 418 2525 aequinoctii
445 2445 617 2523 punctum
646 2432 877 2513 metirentur,
919 2431 1056 2502 variare
1105 2433 1194 2518 lem,
1231 2453 1271 2501 ac
1306 2445 1544 2503 trecentorum
1585 2432 1924 2526 sexagintaquinque
1954 2431 2093 2501 dierum

65 2526 407 2629 deprehendissent,
432 2533 537 2619 inde,
570 2536 666 2628 quod
692 2535 873 2629 inaequali
894 2548 995 2604 motu
1016 2535 1054 2603 in
1105 2534 1324 2624 integrorum
1339 2558 1490 2604 numero
1505 2528 1798 2627 comprehensum
1813 2536 1853 2603 in
1868 2559 1936 2607 usu
1953 2529 2090 2604 habue-

64 2635 315 2730 praecedentia
338 2635 647 2729 aequinoctiorum
661 2651 790 2730 puncta
808 2649 1055 2730 proreptarent
1104 2649 1202 2708 mnt.
1254 2632 1328 2707 Eos
1350 2637 1413 2731 qui
1436 2637 1623 2708 annuatim
1647 2639 1852 2709 redundant
1866 2638 2091 2732 quadrantes,

64 2738 322 2811 antevertcudo
344 2739 463 2808 stellas
484 2738 701 2825 inerrantes,
734 2738 869 2833 Solque
892 2740 931 2808 in
953 2752 1054 2809 motu
1104 2762 1178 2807 non
1196 2737 1269 2808 illis
1284 2741 1329 2809 ad
1346 2764 1435 2832 qnos
1449 2741 1646 2833 pertinent,
1673 2741 1779 2810 annis
1795 2739 2015 2811 vertentibus
2032 2762 2091 2808 ae·

64 2834 419 2933 mundaremini!
436 2863 518 2931 prae
540 2864 577 2911 se
596 2842 796 2913 ferretnnn
813 2840 995 2930 exiguam,
1020 2854 1056 2911 et
1105 2856 1339 2927 censuerunt,
1372 2866 1437 2912 nec
1470 2856 1597 2938 quarto
1631 2845 1757 2937 quovis
1778 2866 1873 2912 anno
1901 2854 2020 2912 exacto
2052 2841 2092 2909 in

63 2954 294 3015 mutarentur
309 2956 387 3015 tum
402 2943 555 3015 imarum
579 2964 870 3037 summarnmqne
891 2942 1054 3013 absidum
1106 2968 1218 3012 nnum
1254 2944 1474 3034 collegerunt
1503 2944 1619 3028 diem,
1652 2946 1711 3014 sed
1746 2958 1825 3036 post
1858 2945 2092 3015 circumactos

63 3044 185 3133 Solis,
207 3045 430 3137 seuapogaei
452 3057 486 3115 et
509 3045 662 3137 perigaei
686 3047 805 3132 sedes,
830 3060 906 3116 tum
930 3043 1055 3119 ἐκκεν-
1108 3041 1207 3117 1460
1231 3046 1316 3115 tales
1339 3047 1506 3138 periodos
1520 3069 1677 3132 annuas,
1703 3046 1742 3114 in
1758 3071 1870 3115 unum
1898 3047 2093 3116 coniunxe-

63 3138 203 3245 tpdtqc'
223 3146 344 3234 orbis,
375 3147 479 3218 euius
501 3159 603 3219 motu
623 3146 689 3219 sot
719 3143 1055 3230 circumveheretur,
1106 3161 1191 3220 runt
1215 3172 1349 3218 annum
1384 3148 1533 3219 totidem
1565 3148 1691 3219 diebus
1717 3148 1914 3220 definitum.
1978 3146 2093 3216 Voca-

62 3250 142 3322 dun
163 3242 304 3321 diversa
327 3248 431 3319 initia
451 3248 689 3320 aestimationi
719 3264 754 3321 et
775 3249 1055 3320 dinumerationi
1106 3264 1260 3343 rnntque
1293 3246 1387 3321 hanc
1428 3253 1523 3324 1461
1560 3251 1747 3343 periodum
1780 3248 1908 3320 Graeci
1935 3243 2092 3323 κυνικὸν

63 3373 248 3425 armorum
264 3350 532 3445 praefinierunt,
557 3375 672 3422 unum
688 3363 861 3444 punctum
879 3352 1055 3446 aequino-
1107 3347 1299 3439 ἐνιαυτὸν,
1326 3378 1347 3423 a
1369 3350 1484 3435 Cane,
1513 3356 1575 3447 qui
1595 3355 1819 3424 exoriebatur
1833 3377 1913 3423 cum
1930 3350 2013 3423 Sole
2034 3352 2094 3420 die

62 3453 131 3526 etii
164 3453 284 3541 verni,
316 3453 469 3524 alterum
503 3453 739 3526 inerrantium
773 3453 954 3525 stellarum
987 3454 1055 3523 ali·
1105 3454 1276 3534 Solstitii,
1294 3478 1365 3548 qno
1382 3467 1538 3545 tempore
1553 3450 1785 3550 Olympiades
1800 3454 1982 3525 institutae
1997 3467 2093 3537 sunt,

62 3579 195 3652 quam,
220 3566 343 3647 utpote
355 3555 508 3648 primam
522 3555 662 3628 stellam
678 3552 904 3651 ἀστερισμοῦ
921 3553 1055 3627 Arietis
1106 3581 1123 3626 a
1145 3580 1294 3651 quarum
1318 3557 1424 3626 initio
1444 3579 1556 3650 usque
1577 3559 1621 3627 ad
1646 3558 1733 3626 anni
1759 3556 1890 3627 Iuliani
1914 3558 2091 3626 instaura-

63 3670 213 3730 octavae
245 3653 445 3751 Sphaerae,
477 3672 721 3754 vocaruntque
749 3657 919 3740 Annum,
951 3658 1056 3729 Side·
1105 3660 1240 3729 tionem
1262 3658 1451 3728 dimidium
1472 3659 1558 3728 anni
1582 3662 1739 3731 κυνικοῦ
1760 3660 2001 3751 praeterierat.
2042 3653 2089 3729 Et

61 3784 189 3847 mum,
223 3759 383 3853 spacium
410 3761 601 3852 temporis,
639 3785 710 3856 qno
733 3758 797 3833 Sol
829 3763 873 3831 ad
907 3762 1053 3831 eandem
1105 3757 1628 3832 distribuerunthuncannum
1651 3763 1832 3856 aequalem
1849 3763 1887 3831 in
1903 3760 2089 3832 duodecim

61 3862 206 3937 stellam
228 3862 446 3934 inerrantem
461 3862 559 3935 orbis
574 3862 629 3934 sui
646 3863 878 3934 conversione
893 3864 1054 3934 revolve-
1105 3864 1270 3957 aequales
1287 3887 1445 3947 menses,
1469 3865 1508 3933 in
1520 3864 1783 3959 qnos'singnlos
1800 3864 1943 3955 triginta
1960 3863 2091 3933 retule-

60 3978 177 4039 retur.
203 3962 312 4055 Quod
321 3965 478 4057 spacium
488 3966 1055 4058 compereruntobservationibns
1105 3978 1191 4037 runt
1206 3965 1299 4052 dies,
1321 3966 1519 4058 superfluos
1543 3967 1703 4061 quinque
1725 3966 1812 4036 anni
1833 3967 1987 4037 termino
2007 3977 2089 4035 ante

33 4066 255 4161 'complecti
272 4061 349 4141 865
374 4067 469 4153 dies,
495 4064 555 4140 15.
568 4068 734 4161 scrupula
761 4067 896 4161 prima,
921 4065 983 4143 24.
999 4091 1054 4137 se-
1106 4090 1264 4138 mensem
1289 4062 1414 4139 'thoth
1439 4083 1776 4140 annumeravernnt.
1833 4064 2002 4139 Meminit
2023 4063 2091 4136 ho-

60 4170 204 4253 cunda,
230 4166 292 4244 10.
318 4168 439 4241 tertia:
475 4192 537 4241 seu
557 4165 664 4241 horas
685 4168 963 4264 aequinoctiales
984 4193 1055 4257 sex,
1105 4194 1188 4241 rum
1223 4170 1399 4240 mensium
1429 4171 1468 4240 in
1499 4169 1644 4242 Solonis
1683 4166 1831 4243 historia
1873 4168 2090 4243 Herodotus.

62 4264 235 4366 mapula
251 4271 366 4365 prima
387 4294 535 4360 novem,
558 4273 713 4344 secunda
735 4270 797 4347 40.
820 4273 911 4343 lere:
937 4285 972 4343 et
995 4273 1054 4341 vix
1106 4272 1321 4364 Quanquam
1336 4285 1453 4343 autem
1469 4294 1668 4363 congruens
1685 4274 1780 4346 inter
1793 4274 1888 4345 inter
1911 4295 1947 4341 se
1961 4294 2089 4364 perpe·

61 4372 192 4447 multis
211 4373 318 4445 anuis
338 4374 495 4445 decursis
516 4388 622 4470 atque
642 4374 771 4446 exactis
786 4375 1051 4470 aliquantulum
1105 4389 1168 4447 tuo
1185 4375 1325 4446 dierum
1342 4376 1427 4445 anni
1445 4398 1635 4461 numerus,
1656 4390 1697 4448 ut
1712 4376 1893 4466 ingeniose
1909 4374 2092 4464 cogitatus,

63 4476 225 4563 variare,
250 4491 287 4549 et
309 4500 387 4548 eam
420 4490 539 4549 tamen
569 4477 803 4549 variationem
836 4477 951 4569 exigui
978 4501 1053 4547 esse
1106 4478 1157 4549 sic
1175 4476 1420 4549 notationibus
1438 4491 1656 4570 temporum,
1681 4492 1716 4549 et
1733 4477 1915 4570 inprimis
1931 4477 2090 4546 conden-

63 4578 251 4651 momenti.
305 4573 493 4677 Τροπικόν
515 4604 620 4663 vero,
650 4579 706 4649 vel
727 4573 906 4675 χρονικὸν
930 4576 1052 4651 ἐνιαυ-
1106 4578 1161 4650 dis
1177 4592 1340 4651 motuum
1356 4579 1561 4649 coelestium
1585 4581 1782 4651 canonibus
1806 4580 2090 4651 accommodatus

64 4678 135 4757 τὸν
149 4672 406 4780 φαινόμενον,
431 4695 626 4754 vertentem
647 4682 704 4752 vel
721 4683 972 4772 temporalem,
997 4682 1053 4752 vel
1105 4681 1195 4769 fuit,
1217 4682 1318 4753 cuins
1334 4681 1388 4752 rei
1402 4681 1559 4777 studium
1575 4686 1667 4774 apud
1683 4678 1878 4778 Aegyptios
1901 4681 2090 4773 praecipue

16 4864 27 4887 ι
63 4782 265 4856 naturalem
290 4809 426 4856 annum
449 4797 677 4877 apparentem
698 4784 934 4855 nominarunt
961 4808 1058 4869 eum,
1107 4784 1237 4874 viguit:
1263 4797 1383 4855 tamen
1404 4784 1445 4854 in
1464 4785 1771 4878 aequinoctiorum
1800 4797 1834 4855 et
1857 4782 2091 4855 solstitiorum

64 4910 174 4983 quem
191 4898 293 4958 antea
309 4887 464 4958 diximus
481 4885 576 4960 Solis
594 4912 659 4981 per
672 4884 866 4958 Zodiacum
892 4888 1053 4972 decursu,
1106 4887 1274 4957 continua
1298 4887 1397 4958 velut
1420 4887 1632 4976 migratione
1653 4901 1688 4958 et
1712 4887 1939 4957 aberratione
1952 4884 2090 4979 aliquid

63 4988 340 5085 reversioneque
362 4992 408 5061 ad
432 4990 527 5060 idem
556 4989 771 5084 aequinoctii
794 5003 967 5083 puuctum
990 4990 1053 5058 de-
1105 4989 1172 5060 lnit
1187 4988 1417 5064 incommodi.
1470 4984 1608 5060 Omnes
1624 4990 1719 5060 enim
1735 4989 1821 5059 anni
1843 5012 1980 5059 menses
2005 4983 2091 5056 haec

62 5090 174 5164 scribi
196 5102 233 5163 et
252 5088 507 5185 comprehendi
537 5094 821 5188 mutationesque
855 5116 931 5162 non
964 5115 1051 5162 con·
1105 5104 1283 5162 momenta
1300 5093 1565 5186 perreptabant,
1592 5105 1720 5188 quarto
1738 5093 1863 5186 quovis
1879 5114 1975 5162 anno
1997 5111 2089 5158 nova

61 5194 275 5266 temnendae
298 5196 556 5287 propemodum
585 5195 770 5264 annuatim
795 5193 950 5288 perpeti,
982 5189 1052 5264 hoc
1105 5194 1319 5285 migratione
1342 5197 1385 5265 ad
1400 5196 1656 5288 insequentem
1679 5196 1840 5266 traducta
1866 5193 1981 5276 diem,
2011 5203 2092 5281 post

61 5308 137 5378 est,
163 5297 348 5388 prorogari
364 5298 471 5383 alias,
497 5296 584 5367 alias
603 5297 797 5377 decurtari,
824 5298 972 5367 adeum
997 5310 1052 5369 ta·
1105 5311 1187 5368 ante
1211 5296 1391 5367 delinitam
1417 5298 1603 5390 periodum
1632 5298 1800 5392 pristinas
1824 5298 1966 5366 demum
1994 5291 2094 5362 sedes

62 5422 151 5471 men
166 5399 335 5487 modum,
353 5423 400 5470 ne
414 5399 509 5472 ultra
522 5398 595 5470 diei
609 5398 841 5493 quadrantem
856 5419 963 5491 snpra
979 5412 1051 5471 trc-
1103 5402 1373 5492 recuperabant.
