4546 5760
94 196 169 277 stt
895 178 1345 271 SUPPLEMENTAJ
1494 280 1497 284 Ι
2060 198 2136 277 142

94 394 206 547 Son
236 367 306 441 scis
319 392 385 461 pro
401 368 543 463 quibus.
594 325 735 465 Tribuo
751 366 834 462 plus
847 365 932 439 satis
946 324 1096 437 Hierarss
1146 358 1241 453 quod
1264 379 1328 448 ego
1352 380 1395 427 ex
1415 380 1457 427 eo
1482 357 1559 431 solo
1585 360 1742 435 indicare
1763 366 1926 459 possum,
1956 374 2055 469 quod
2070 398 2134 451 vos

135 474 197 545 iae
219 470 448 565 pontificiae?
497 468 597 561 Quid
626 495 711 543 vero
733 470 879 543 tribuo?
928 465 997 539 Fas
1017 488 1093 537 non
1145 459 1196 531 sie
1216 458 1400 545 iudicatis,
1433 484 1496 531 oro
1518 454 1626 535 huius
1653 464 1914 558 incogitantiae.
1979 470 2132 549 Posthac

94 590 144 649 est
160 574 282 647 dicere
295 573 438 668 qualem
451 573 544 643 lerre
558 595 739 665 possemus
751 571 977 655 Pontificem,
1002 584 1038 643 et
1051 591 1093 637 eo
1145 586 1205 633 ero
1219 562 1367 637 cautior.
1409 557 1591 637 Hactenus
1603 569 1650 637 ad
1663 580 1761 652 tuas,
1784 567 2011 668 Bullingere,
2032 576 2132 671 prio-

94 692 198 773 pacto
211 676 400 749 ostendere
418 696 510 769 quae
524 699 599 745 non
620 676 876 769 responderent
890 695 955 743 suo
970 668 1093 741 ordini
1143 687 1199 735 res
1214 663 1353 750 literas,
1384 663 1443 734 die
1457 660 1612 740 Paschae
1629 670 1676 741 ad
1689 694 1746 742 me
1761 672 1873 749 datae.
2023 730 2035 737 ..

94 780 156 877 qni
179 776 372 852 Pontifices
395 776 590 848 vocantur?
642 774 709 848 Vel
733 776 884 870 impium
900 787 952 845 est
965 773 1093 857 dicere,
1243 761 1303 837 Ad
1329 765 1457 837 alteras
1485 780 1565 839 toas
1589 770 1721 849 literas.
1780 770 1826 845 In
1848 770 1907 848 his
1928 778 2131 871 plusculum

94 906 184 979 quae
206 880 280 952 sint
303 873 488 949 christiani
512 873 670 950 bominis
691 876 806 949 officie
829 872 965 951 etiamsi
985 898 1091 946 nemo
1143 867 1253 939 iratus
1276 892 1312 940 es
1334 882 1368 940 et
1385 889 1490 957 grave
1503 868 1701 961 {minitaris
1748 866 2047 953 Commentarius
2064 872 2130 953 ille

94 984 203 1056 luerit
222 981 280 1053 vel
301 1002 375 1051 esse
400 992 517 1071 posset
538 975 598 1050 hie
618 981 680 1075 qui
704 981 768 1051 illa
789 976 958 1073 impleat?
1007 974 1091 1047 Non
1143 966 1183 1039 in
1209 963 1377 1042 Galatas
1402 971 1447 1040 de
1474 995 1546 1065 quo
1578 975 1754 1069 quereris,
1794 995 1959 1075 exceptus
1985 997 2037 1055 est
2067 1008 2132 1077 per

94 1086 322 1159 aedificamus
347 1079 524 1152 civitatem
548 1082 785 1174 platonicam,
817 1083 879 1152 sed
905 1077 1091 1172 prodimus
1141 1063 1303 1169 Caspar.
1334 1062 1572 1167 Crucigeram
1605 1078 1824 1169 praelegente
1847 1074 2018 1155 Lalhero
2047 1099 2131 1157 ante

93 1184 353 1362 {tttlililt
367 1183 1090 1378 {lillallltl‘tlss’tltlalttt
1141 1189 1505 1348 tlt‘ttssssllt
1526 1178 2130 1377 lsst‘ttlltaltlllssttlltss

94 1390 216 1464 exitio.
266 1380 369 1459 Nihil
382 1398 502 1457 movet
518 1387 665 1480 quidem
680 1387 876 1459 multorum
892 1384 932 1454 in
947 1405 1014 1455 nos
1031 1382 1089 1452 in·
1141 1401 1278 1449 necesse
1298 1378 1344 1447 sit
1368 1376 1562 1468 periclitari
1583 1384 1731 1455 verbum
1756 1383 1835 1458 Dei.
1893 1385 1937 1460 ln
1957 1384 2023 1462 hac
2046 1411 2128 1461 sen·

94 1492 192 1563 vidia
207 1490 319 1586 inque
340 1480 410 1559 hoc
429 1488 631 1564 consilium.
681 1487 819 1559 Mirum
836 1510 942 1581 wem
959 1478 1008 1585 [l]
1025 1507 1089 1575 ego
1140 1479 1248 1551 tentia
1265 1479 1353 1575 quid
1366 1479 1492 1570 impii?
1527 1480 1596 1555 sed
1613 1482 1913 1561 sacramentarios
1926 1490 2130 1563 iacittalem

93 1594 200 1667 istam
226 1589 401 1663 invidiam
423 1587 476 1661 sic
499 1593 631 1677 evado,
668 1605 840 1684 quantum
863 1589 1008 1685 quidem
1031 1609 1088 1655 me
1140 1582 1365 1652 concordiam
1394 1584 1572 1672 petentes!
1624 1584 1698 1675 Qui
1725 1603 1810 1662 sunt
1831 1588 2131 1665 sacramentarii?

94 1691 268 1768 hactenus
290 1690 419 1765 rescire
444 1691 631 1783 contingit.
680 1688 739 1764 dd
762 1703 1089 1787 quatumquemque
1140 1681 1206 1753 llle
1220 1682 1520 1755 sacramentarios
1537 1685 1723 1777 intelligit,
1756 1690 1819 1783 qui
1836 1687 1929 1762 nihil
1943 1719 2049 1789 quam
2063 1720 2129 1789 pa-

94 1796 259 1891 pervenit
274 1788 343 1867 hoc
359 1792 573 1865 consilium?
611 1790 780 1875 atvero,
806 1792 854 1861 mi
870 1789 1089 1881 Bullingere,
1140 1810 1222 1854 nem
1237 1786 1403 1856 etvirum
1421 1786 1460 1855 in
1476 1784 1705 1860 sacramento
1722 1814 1795 1861 esse
1810 1809 1961 1885 ponunt.
2021 1795 2128 1868 Tales
2246 1860 2249 1865 a

94 1896 352 1971 circumferunt
375 1895 523 1989 quidam
543 1909 744 1987 excerptum
768 1896 949 1989 quoddam
972 1916 1013 1963 es
1028 1915 1087 1961 re·
1138 1911 1202 1958 vos
1224 1910 1298 1957 non
1320 1885 1414 1957 estis.
1472 1884 1577 1961 Nihil
1591 1889 1701 1981 igitur
1717 1886 1784 1963 hoc
1805 1897 1851 1965 ad
1873 1920 1948 1970 vos.
1998 1893 2050 1971 At
2066 1899 2127 1969 ille

94 2022 226 2093 sponso
241 1989 418 2095 Philippi
427 1996 672 2089 depravatum:
698 1999 760 2067 sed
777 2020 856 2066 cum
873 1992 1010 2066 nonsit
1028 1993 1088 2061 in·
1139 2013 1205 2061 nos
1224 1982 1292 2059 hoc
1317 1988 1462 2060 nomine
1492 1988 1685 2083 intelligit?
1733 1990 1859 2083 Dolet,
1895 1998 1983 2093 quid
2007 2013 2127 2072 autem

94 2102 234 2189 solens,
272 2098 355 2170 illos
381 2119 493 2187 nugas
515 2096 755 2186 circumferre,
789 2120 852 2188 ego
877 2121 952 2168 non
979 2095 1087 2167 audio
1137 2089 1288 2161 faciam?
1341 2088 1414 2161 Vos
1438 2116 1581 2188 quoque
1603 2096 1690 2165 dum
1713 2096 1838 2169 formis
1850 2098 1906 2171 uti
1922 2096 2129 2195 scripturae

94 2202 157 2297 qui
183 2199 235 2277 ita
251 2212 482 2273 moveantur.
540 2193 590 2272 Et
605 2202 661 2271 coi
677 2201 767 2270 mica
786 2198 992 2293 aequitatis,
1024 2196 1088 2290 qui
1138 2207 1173 2263 et
1196 2190 1342 2262 Petrum
1365 2194 1584 2281 detrectatis,
1615 2195 1715 2269 alind
1731 2195 1785 2268 illi
1807 2199 1966 2274 devebit
1980 2226 2128 2294 persua-

94 2304 226 2397 scripte
244 2316 365 2375 nostra
378 2300 521 2392 publica
536 2299 622 2392 legit
640 2304 685 2372 de
702 2296 758 2372 his
771 2301 858 2393 ipsis
872 2301 978 2370 rebus
993 2297 1087 2367 edita
1138 2296 1221 2364 dere
1243 2315 1317 2363 non
1341 2315 1495 2385 possum,
1552 2292 1820 2389 Impugnandus
1840 2300 1951 2393 igitur
1972 2304 2039 2376 tibi
2054 2307 2129 2378 est?

94 2420 175 2477 aute
190 2418 228 2476 et
247 2416 327 2496 post
347 2402 428 2474 data
444 2401 507 2473 illa
528 2425 713 2496 responsa,
733 2392 791 2473 'an
805 2404 849 2472 de
865 2401 969 2471 nobis
991 2399 1088 2471 iudi·
1138 2392 1272 2466 Verum
1289 2396 1317 2465 si
1333 2394 1439 2465 oflicii
1452 2395 1522 2466 mei
1539 2396 1587 2468 sit
1601 2398 1809 2491 impugnare
1822 2428 1945 2475 omncs
1959 2430 2037 2493 eos,
2062 2408 2127 2502 qui

94 2499 466 2596 cetexschedis,quas
487 2504 741 2577 circumferunt
761 2502 927 2598 privatim
945 2497 1088 2573 hostesi
1139 2493 1228 2568 mihi
1248 2499 1293 2568 de
1316 2496 1395 2567 aliis
1418 2496 1511 2567 male
1534 2497 1691 2572 iudicare
1717 2502 1902 2592 videntur,
1933 2507 2055 2596 sisic,
2090 2525 2126 2580 et

94 2605 261 2679 Fuerunt
275 2602 404 2677 horum
419 2602 687 2695 Responsorum
703 2630 807 2677 causa
833 2604 916 2676 irati
933 2604 1038 2674 nobis
1052 2616 1087 2673 et
1138 2622 1201 2671 vos
1217 2594 1309 2670 milri
1329 2599 1562 2692 impugnandi
1584 2601 1701 2690 eritis,
1734 2604 1818 2699 quia
1841 2607 1885 2678 de
1907 2601 2066 2682 Luthero
2090 2625 2126 2684 et

94 2708 155 2781 alii
173 2705 321 2804 quidam
336 2705 440 2779 amici
453 2719 489 2778 et
502 2709 626 2778 fratres
641 2709 746 2796 longe
761 2703 1087 2785 observandissinri,
1137 2701 1217 2773 aliis
1232 2700 1393 2772 iudicatis
1410 2703 1507 2795 quod
1521 2702 1594 2773 scio
1609 2726 1706 2776 secus
1718 2699 1861 2784 habere.
1910 2705 1962 2782 At
1979 2704 2123 2783 Christo

94 2810 187 2905 quia.
196 2810 317 2904 itaque
333 2809 428 2898 apud
443 2806 525 2879 illos
537 2825 572 2882 et
587 2833 649 2879 vos
667 2811 790 2890 video,
814 2809 927 2878 nostri
945 2806 1086 2878 consilii
1137 2804 1224 2873 olim
1245 2804 1363 2873 iudice
1384 2802 1453 2895 ipsi
1475 2828 1618 2899 quoque
1639 2807 1854 2898 agnoscetis,
1888 2835 1993 2906 quam
2018 2812 2125 2904 longe

94 2913 347 2985 rationem·de
368 2906 562 3001 Responsio
590 2909 667 2982 istis
689 2925 760 2982 tam
785 2910 1011 2995 molestare,
1052 2923 1087 2978 et
1136 2906 1183 2976 ab
1202 2905 1300 2975 omni
1324 2905 1451 2997 pietate
1475 2905 1520 2976 sit
1540 2904 1635 2978 istud
1660 2910 1756 3004 quod
1769 2902 1979 2982 Lethaeum
1997 2915 2124 2987 scribis

93 3014 157 3085 illa
170 3014 213 3083 in
226 3010 374 3086 Francia
390 3034 516 3104 parum
531 3006 668 3093 adhuc,
693 3015 789 3108 quod
804 3012 948 3108 quidem
964 3008 1087 3096 audio,
1136 3005 1293 3077 dissidiis
1307 3005 1499 3077 excitandis
1517 3020 1552 3079 et
1566 3008 1729 3083 fovendis
1744 3025 1881 3084 natum.
1927 3010 2125 3109 Evangelio

94 3114 200 3187 adid
223 3115 459 3209 conferrelad
486 3117 583 3206 quod
608 3118 689 3185 data
719 3128 821 3196 sunt,
856 3114 979 3183 malim
1010 3137 1084 3181 non
1136 3105 1271 3180 Christi
1291 3108 1370 3179 lesu
1391 3108 1575 3181 excitando
1605 3125 1640 3183 et
1664 3112 1819 3185 fovendo
1840 3127 1946 3187 uatus
1969 3130 2040 3205 est,
2071 3119 2124 3188 mi

94 3220 189 3292 deta.
239 3212 290 3288 Ar
305 3238 388 3286 vero
411 3214 468 3285 vel
487 3213 526 3285 in
547 3237 584 3285 se
600 3218 688 3286 adeo
702 3217 794 3285 male
810 3215 969 3286 consulta
991 3226 1086 3299 sunt,
1136 3210 1361 3302 Bullingere,
1396 3209 1435 3281 id
1464 3234 1592 3303 operae
1620 3213 1727 3285 etiam
1757 3216 1943 3308 praestitit.
2005 3215 2124 3313 lmpe-

94 3318 150 3389 vel
173 3330 295 3390 tamen
318 3316 495 3388 dederunt
516 3312 684 3389 Ecclesiis
708 3316 848 3398 damni,
885 3316 968 3413 quia
995 3340 1086 3385 neu-
1136 3312 1268 3385 tentius
1292 3314 1417 3385 tracta't
1435 3312 1657 3387 adversarios
1676 3329 1747 3388 tam
1759 3318 1847 3391 falsa
1869 3318 1938 3412 ipsi
1952 3320 2124 3414 opinione

94 3434 190 3495 trum
213 3432 431 3511 compertum
456 3413 589 3505 habeo,
621 3445 696 3490 non
717 3432 861 3513 apparet
890 3413 980 3487 mihi
1000 3441 1085 3486 cau-
1134 3413 1288 3487 creditos
1318 3437 1426 3508 quam
1458 3438 1572 3493 veros.
1644 3414 1724 3490 Hoc
1749 3432 1870 3491 tamen
1903 3445 2028 3493 verum
2059 3437 2125 3511 est,

94 3543 228 3595 tamer
243 3514 299 3615 lais
315 3520 440 3602 luisse,
470 3544 536 3592 cur
554 3533 736 3613 tantopere
759 3543 941 3612 angamur.
991 3516 1083 3589 Nam
1134 3516 1251 3609 ipsum
1283 3515 1378 3587 nulli
1399 3536 1567 3607 ‘unquam
1595 3517 1730 3590 bellum
1762 3520 1925 3593 intulisse
1956 3524 2123 3618 priorem.

94 3624 125 3695 id
141 3622 235 3693 falso
249 3620 372 3693 falsius
387 3635 469 3715 est..
486 3624 614 3717 cuique
629 3623 667 3692 in
685 3622 803 3695 Gallia
818 3622 1000 3692 occasione
1016 3614 1082 3689 ho-
1134 3615 1350 3690 Provocatus
1364 3629 1415 3687 est
1431 3641 1451 3687 a
1465 3615 1636 3710 Papistis,
1666 3636 1877 3714 provocatus
1893 3638 1946 3696 est
1967 3649 1988 3696 a
2002 3620 2124 3698 Mun·

94 3748 169 3797 nrm
183 3720 456 3814 Responsorum
471 3724 606 3819 aliquid
621 3726 768 3816 periculi
784 3738 938 3795 creatura
964 3722 1082 3793 luisse.
1132 3742 1216 3790 zero
1236 3732 1270 3791 et
1291 3706 1575 3805 Carolostadio,
1608 3745 1688 3794 com
1714 3747 1785 3818 quo
1806 3738 1842 3799 et
1860 3726 1972 3798 lacere
1986 3728 2124 3821 putavit

94 3822 135 3901 Et
159 3824 339 3921 siquidem
361 3822 558 3897 Pontificiis
579 3820 664 3897 baec
687 3824 873 3920 Responsa
898 3849 974 3894 non
995 3847 1083 3892 con·
1133 3818 1352 3916 Zvingle'am
1377 3836 1413 3894 et
1434 3812 1783 3921 Oecolampadiam3
1816 3821 1882 3898 hos
1898 3827 1992 3899 inter
2004 3823 2123 3903 hostes

94 3928 288 4010 ceduntur,
323 3951 435 4021 quum
449 3927 599 4020 capitale
614 3927 720 3999 luerit
736 3952 827 4021 quae
847 3928 884 3997 iu
900 3926 952 3996 eis
967 3924 1082 3996 conti·
1132 3922 1443 3996 Carolostadianos
1457 3916 1601 4012 habuit,
1632 3951 1743 4020 quum
1761 3928 1865 3999 etiam
1882 3928 1979 4020 (licet
1998 3933 2122 4001 mode-

94 4042 225 4103 nentur
235 4028 392 4121 profiteri
399 4052 410 4115 ;
436 4030 635 4099 nonsolum
647 4024 1080 4102 Lutheranurnsedetiam
1132 4024 1236 4121 stius)
1258 4022 1395 4117 prior'es
1418 4039 1539 4096 tamn
1559 4028 1770 4099 sententiam
1788 4023 2031 4103 Lutheranam
2045 4033 2122 4103 vel-

94 4127 342 4207 drasmianum
356 4152 450 4215 esse,
476 4128 550 4201 imo
564 4155 640 4201 non
656 4155 784 4224 purum
802 4144 888 4223 puto
903 4127 1080 4220 Papistam
1132 4128 1293 4202 licerent.
1341 4124 1409 4197 His
1424 4140 1542 4199 tamen
1556 4151 1770 4203 nonexcuso
1786 4130 1854 4202 viri
1868 4131 2122 4225 impetentiam,

94 4256 183 4319 sse,
217 4245 253 4305 et
268 4232 304 4303 id
320 4230 435 4303 modis
449 4232 617 4305 omnibus
633 4232 808 4325 profiteri,
838 4231 922 4302 satis
935 4233 978 4300 ad
996 4253 1081 4321 sup-
1131 4231 1191 4300 sed
1213 4227 1297 4324 quia
1320 4227 1394 4299 scio
1416 4224 1613 4299 Dominum
1636 4227 1753 4303 lesum
1772 4258 1852 4305 eum
1878 4257 1965 4326 pure
1980 4234 2121 4327 praedi-

94 4334 239 4407 >licium
253 4334 334 4405 tute
375 4332 498 4420 Nunc,
522 4358 603 4404 curn
617 4356 695 4421 eos,
717 4334 977 4428 qniiugcrunt‚
1002 4328 1080 4403 Rex
1131 4354 1226 4403 casse
1246 4345 1352 4426 atque
1376 4330 1576 4423 praedicare
1597 4327 1830 4428 (exceptaque
1854 4334 1919 4408 ista
1943 4328 2120 4427 impartir-

94 4447 237 4507 :evocat
273 4437 355 4506 data
386 4434 509 4518 venia,
553 4434 776 4528 excipiuntur
804 4432 1080 4507 sacramentarii.
1130 4431 1241 4504 nitate
1261 4433 1300 4503 in
1314 4431 1548 4521 adversarios)
1570 4434 1675 4503 etiam
1698 4436 1835 4514 vivere.
1866 4436 1950 4530 quia
1965 4436 2121 4531 denique

94 4534 243 4633 itquae
256 4528 364 4608 huius
378 4536 416 4607 in
426 4536 743 4628 nostrisresponsis
756 4560 879 4624 causa,
901 4560 982 4607 cum
992 4529 1079 4614 Phi·
1130 4547 1266 4605 tantum
1296 4533 1481 4605 universae
1508 4528 1687 4606 Ecclesiae
1714 4536 1789 4608 eius
1811 4537 1951 4607 labores
1975 4541 2120 4631 prolue-

94 4640 204 4733 ippus
219 4660 335 4708 meam
351 4638 476 4729 probet
495 4640 534 4709 in
551 4639 725 4711 sententia
739 4632 984 4710 Eucharistiae
1001 4661 1079 4707 mo·
1129 4649 1236 4722 runt,
1267 4660 1331 4727 ego
1357 4658 1431 4704 non
1453 4657 1596 4726 possum
1625 4660 1698 4707 non
1722 4636 1925 4727 gravissime
1950 4639 2119 4735 accipere,

94 4739 306 4813 lerationem
322 4752 356 4810 et
370 4762 435 4836 ego
449 4742 676 4811 concordiam
692 4741 731 4810 in
751 4764 790 4811 re
812 4764 885 4811 esse
902 4739 996 4810 inter
1013 4760 1079 4809 nos
1129 4761 1219 4833 quae
1234 4751 1290 4822 tu,
1314 4734 1540 4826 Bullingere,
1562 4733 1652 4807 mibi
1667 4737 1829 4832 alioquin
1844 4738 1988 4829 ingenio
2002 4756 2119 4826 natus,

94 4840 278 4915 ssofiteacl
325 4839 397 4917 sed
420 4842 504 4913 satis
525 4843 570 4913 de
593 4837 660 4917 bis.
711 4838 761 4916 At
778 4840 903 4916 Gallos
926 4841 1077 4911 sineex·
1128 4840 1178 4910 sic
1194 4840 1302 4909 audes
1325 4836 1478 4907 scribere
1503 4839 1549 4908 de
1561 4833 1740 4924 Luthero,
1771 4838 1832 4936 qui
1856 4852 2039 4934 tantopere
2060 4842 2118 4911 in-

94 4942 247 5039 eptione
262 4942 419 5013 lubricos
436 4954 471 5013 et
487 4942 631 5016 fallaces
648 4943 746 5017 lacis.
797 4942 879 5016 Scio
895 4956 929 5015 te
945 4944 981 5013 id
1002 4966 1075 5011 non
1128 4963 1234 5037 qsram
1249 4938 1427 5012 Ecclesiae
1439 4936 1506 5010 Dei
1522 4940 1771 5012 commodavit.
1822 4938 1913 5013 Nam
1927 4956 1968 5014 ut
1982 4945 2026 5014 de
2040 4942 2116 5014 sola

94 5032 270 5138 aspirit'u
284 5038 421 5116 Christi
438 5044 563 5121 lacere.
614 5042 759 5117 lsenim
775 5068 841 5115 nos
857 5048 977 5124 docet,
1011 5067 1076 5114 nos
1126 5042 1289 5113 versione
1305 5039 1508 5111 Bibliorum
1530 5041 1673 5134 loquar,
1706 5055 1859 5137 quantus
1884 5042 1916 5113 is
1930 5037 2116 5117 thesaurus

94 5170 121 5217 a
141 5158 275 5218 natura
300 5168 342 5216 ex
371 5170 485 5243 aequo
499 5170 630 5217 omnes
654 5148 812 5239 perditos
834 5171 926 5234 esse,
958 5147 1075 5237 ipsum
1126 5145 1200 5217 est?
1248 5140 1424 5215 Existimo
1437 5143 1533 5213 enim
1543 5165 1606 5212 vos
1619 5167 1693 5214 non
1707 5144 1877 5233 inficiari,
1899 5169 2005 5242 quam
2020 5146 2116 5216 mul·

94 5262 197 5321 tutem
216 5250 262 5320 ad
277 5247 578 5338 regenerationem
595 5250 731 5320 nullam
754 5262 894 5341 gentem
910 5248 1074 5323 abiicere.
1124 5260 1159 5317 ta
1174 5245 1213 5315 in
1231 5259 1344 5318 vestra
1361 5245 1524 5315 versione
1538 5244 1736 5318 desiderata
1750 5271 1888 5340 semper
1901 5247 1986 5333 sint,
2008 5246 2114 5318 etiam

94 5346 252 5425 dttamen
285 5350 369 5447 quia
403 5375 561 5445 peccasse
590 5353 680 5425 adeo
708 5346 767 5425 hie
799 5352 905 5424 nobis
938 5349 1074 5438 videor,
1121 5348 1266 5441 abipso
1289 5340 1590 5439 Oecolampadio,
1630 5361 1665 5420 et
1684 5360 1725 5420 ut
1739 5372 1837 5421 nunc
1854 5348 1959 5420 video
1976 5348 2022 5419 ab
2032 5342 2114 5442 ¹ipso
2251 5363 2253 5367 ’
