4546 5760
84 3098 88 3151 l

116 200 187 281 ur
485 196 742 281 scurrus
774 176 850 278 ab
882 195 1075 277 virtu
1107 194 1184 275 nr
1216 186 1788 280 onrrununnauru

2077 212 2150 288 198

114 368 301 441 doctrinae
330 370 498 455 moralis,
535 370 631 465 qnod
665 367 819 463 deniqne
843 363 1010 463 Physices
1044 379 1106 437 aut
1154 376 1278 435 nostro
1305 359 1386 431 lesu
1408 356 1549 434 Christo
1572 364 1756 438 defensore
1780 367 1938 445 mauebit
1968 373 2006 445 iu
2031 390 2145 449 acter-

112 473 297 543 dotttinae
312 473 357 541 tle
381 472 500 543 enims
520 472 759 556 commodius,
783 472 1017 550 luculentius,
1042 480 1105 539 aut
1153 489 1261 550 num,
1285 464 1391 535 etiam
1407 478 1528 534 contra
1543 480 1663 557 portas
1679 468 1885 555 inferorum.
1911 481 2144 569 (1116111θᾶωο-

112 574 276 647 eractins‘
291 568 482 664 babemus,
512 597 619 667 qnam
641 596 784 666 eaquae
808 573 883 664 ipse
899 572 1005 641 nobis
1019 569 1104 639 reli-
1153 570 1238 636 dum
1260 577 1345 635 tnnc
1368 588 1494 653 magno
1515 567 1634 635 animo
1650 566 1695 639 D.
1712 563 1907 645 Pantanus
1929 602 2046 649 coram
2071 579 2142 652 lm-

112 676 214 771 quit'?
266 673 430 768 Denique
444 690 615 769 quantum
636 672 675 742 in
692 674 859 744 omnibus
875 668 929 742 his
947 671 1105 761 discipli·
1155 682 1315 760 peratore
1330 682 1364 739 et
1380 664 1606 757 Principibus
1624 671 1723 744 dixit.
1775 672 1872 745 Haec
1895 678 2141 771 inquamcou-

111 778 165 847 „53
180 776 349 865 caliginis
362 789 398 846 et
411 778 637 847 tenebrarum
651 776 731 859 fuit,
754 789 943 870 aritequam
958 775 1033 865 ipse
1047 767 1104 841 his
1153 769 1258 839 fessio
1291 793 1372 839 cum
1404 792 1424 837 a
1460 770 1588 838 nostris
1622 765 1777 845 exhibita
1811 798 1895 848 esse·
1931 777 2140 872 huperatori

113 880 229 949 lucem
251 877 440 969 praebuit?
469 874 755 949 consumebatur
775 890 847 947 tota
870 878 941 948 vita
964 878 1002 943 in
1028 875 1102 943 sola
1154 883 1258 963 atque
1283 870 1390 941 totius
1406 866 1548 962 Imperii
1571 873 1776 960 ordinibus,
1799 877 2021 953 fremuerunt
2046 882 2142 955 Pon·

111 978 308 1051 Dialectica
323 977 524 1049 Aristotelis
538 980 718 1063 (lucenda,
743 1002 858 1072 neque
875 979 920 1046 ad
937 1000 1014 1046 eam
1030 975 1103 1043 vita
1155 971 1271 1055 tibcii,
1296 985 1330 1041 et
1348 971 1521 1061 inprimis
1537 962 1773 1070 Campegins,
1799 991 1905 1072 atque
1917 981 1956 1051 in
1971 982 2051 1055 aula
2069 982 2142 1053 lm-

112 1080 346 1175 quantnmvis
369 1080 473 1168 longa
496 1080 710 1164 sufficiebat,
734 1081 779 1149 de
794 1078 938 1151 caeteris
959 1090 999 1148 ut
1021 1077 1104 1145 bre-
1154 1071 1323 1164 peratoris
1347 1072 1457 1164 aliqui
1478 1096 1552 1144 non
1573 1074 1704 1162 infimi,
1730 1078 1793 1171 qui
1817 1077 2066 1174 imperatorem
2083 1088 2141 1156 vel

111 1180 233 1255 vitatis
245 1202 349 1251 causa
372 1180 442 1249 iam
460 1193 604 1251 taceam.
655 1179 751 1251 Haec
768 1194 884 1251 autem
900 1178 1104 1251 laboriosis·
1155 1186 1209 1244 tot
1225 1196 1330 1262 regna
1348 1172 1387 1241 in
1403 1173 1592 1245 discrimen
1613 1178 1786 1249 coniicere
1808 1196 1968 1272 paratum
1993 1210 2066 1255 esse
2083 1188 2142 1255 di-

111 1282 201 1353 sima
226 1294 265 1353 et
281 1280 485 1353 fidelissima
500 1281 639 1371 apicula
662 1282 860 1373 pervolavit
877 1303 940 1371 per
958 1280 1104 1350 univer·
1155 1286 1293 1359 cerent,
1326 1275 1441 1365 potius
1466 1297 1571 1368 qnam
1595 1276 1659 1348 ista
1684 1280 1802 1353 ferret.
1859 1280 2036 1357 Postridie
2058 1312 2140 1357 cum

112 1405 166 1455 sos
201 1382 448 1453 doctrinarum
481 1404 640 1472 campos,
675 1396 781 1475 atque
812 1382 897 1451 inde
922 1404 965 1451 ex
997 1380 1104 1449 variis
1155 1388 1270 1447 totum
1304 1371 1501 1467 συνέδριον
1530 1394 1780 1467 congregatum
1808 1399 1916 1469 esset,
1951 1390 2142 1460 accersitur

114 1485 330 1577 scriptorum
359 1483 514 1553 flosculis
543 1482 772 1555 lectissimum
799 1496 835 1554 et
859 1482 1103 1551 dulcissimum
1155 1473 1362 1569 Philippus,
1386 1478 1448 1569 qui
1469 1478 1590 1548 animo
1615 1481 1765 1553 infracto
1780 1484 1825 1552 ad
1850 1509 1908 1555 eos
1928 1488 2141 1581 ingreditur,

115 1608 259 1657 succum
285 1585 390 1655 nobis
420 1585 458 1654 iu
490 1587 589 1656 favos
619 1583 810 1674 congessit,
849 1583 945 1655 iuxta
978 1582 1104 1653 veteris
1155 1578 1245 1648 vidit
1262 1578 1311 1647 ibi
1327 1600 1364 1647 se
1380 1578 1649 1669 circumseptum
1672 1582 1734 1650 illo
1757 1606 1843 1677 gyro
1861 1586 2022 1659 dentium
2039 1591 2142 1662 Sata·
2244 1632 2251 1639 -

115 1686 245 1759 Poetae
261 1686 489 1757 sententiam:
1155 1703 1233 1764 nae,
1256 1692 1292 1749 et
1305 1692 1344 1750 ut
1362 1678 1466 1747 lonas
1479 1674 1654 1771 Propheta
1670 1684 1766 1753 solus
1782 1685 1874 1756 intra
1889 1704 2001 1759 costas
2015 1692 2141 1762 beluae

1154 1781 1312 1849 marinae
1336 1796 1533 1874 quassatur.
1585 1784 1696 1854 lastat
1720 1774 1963 1879 Campegins,
1996 1805 2031 1863 et
2054 1787 2143 1862 bor-

1156 1883 1264 1951 renda
1294 1881 1445 1949 fulmina
1471 1882 1652 1952 iratissimi
1678 1908 1717 1954 ac
1745 1888 1946 1975 saevissimi,
1965 1888 2060 1962 lovis
2085 1892 2143 1964 sni

1157 1983 1290 2067 vibrat,
1323 1982 1450 2052 caeteri
1476 1997 1528 2055 tot
1556 2007 1745 2075 regnorum
1772 1991 1964 2079 potentiam
1991 2007 2024 2063 ct
2049 1994 2142 2065 vires

1156 2097 1279 2154 contra
1306 2083 1430 2167 istum,
1464 2078 1532 2155 beu
1558 2087 1727 2157 miserum
1743 2102 1779 2159 et
1799 2091 1962 2180 exignum
1981 2094 2143 2164 imbecil-

1157 2185 1245 2253 lium
1261 2181 1393 2253 Christi
1410 2185 1630 2256 ovicularum
1647 2211 1797 2277 gregem,
1823 2193 2009 2264 minaciter
2022 2195 2143 2265 inteu-

1158 2297 1246 2354 taut.
1287 2281 1429 2354 Poterat
1444 2285 1495 2352 ibi
1512 2287 1616 2355 etiam
1632 2290 1688 2357 vir
1700 2291 1803 2359 fortis
1817 2306 1850 2361 et
1865 2310 2030 2365 constans
2045 2322 2144 2366 com-

1157 2384 1303 2459 moveri.
1356 2382 1595 2474 Interrogatus
1615 2388 1724 2476 igitur
1743 2383 1949 2484 Philippus,
1974 2420 2062 2465 aum
2086 2422 2145 2465 ce-

241 1826 397 1891 Floriferis
411 1840 445 1889 ut
459 1848 529 1909 apes
545 1829 578 1887 in
593 1827 717 1889 saltibus
733 1827 834 1888 onmia
848 1826 954 1905 libent,

244 1926 362 1995 Omnis
380 1930 556 1991 ussitidem
571 1928 757 2011 depascimur
773 1948 861 1989 aurea
875 1928 966 2004 dista,

243 2028 349 2093 Aures
365 2045 510 2115 perpetus
524 2052 641 2113 semper
656 2032 829 2113 dignissima
843 2033 916 2093 sits.

184 2156 297 2231 Nunc
313 2181 353 2230 ea
370 2157 523 2227 vicissim
539 2172 589 2226 est
604 2170 722 2227 nostra
741 2155 968 2247 ingratitudo,
990 2152 1106 2222 libeu-

122 2277 167 2335 ter
188 2260 340 2355 quidem
357 2253 413 2328 his
437 2258 543 2327 donis
558 2258 624 2329 Dei
642 2259 811 2343 fruimur,
833 2258 903 2327 Sed
918 2267 1036 2347 postea
1052 2249 1106 2321 his

123 2360 335 2445 obsatursti,
366 2360 516 2429 rabiosis
538 2360 704 2431 dentibus
732 2360 768 2427 in
792 2372 975 2429 mutorum
997 2355 1106 2424 bene-

124 2464 284 2535 ficiorum
299 2474 459 2533 sutorem
475 2460 639 2543 ferimur,
665 2456 712 2529 Et
735 2462 828 2553 quod
845 2460 889 2529 de
911 2456 1109 2547 ingratissi-

125 2565 183 2635 mis
208 2558 413 2654 hospitibus
437 2585 457 2632 a
481 2560 607 2631 Plauto
632 2560 781 2639 dicitur,
815 2561 1054 2652 vituperamus
1075 2569 1109 2626 et

126 2668 342 2737 comedimus
357 2678 485 2735 tamen.
536 2660 589 2731 De
608 2661 746 2752 scriptis
768 2656 874 2731 huius
889 2660 969 2739 viri,
996 2660 1108 2748 deque

124 2765 377 2859 ingratitudine
394 2759 580 2832 bominum
598 2788 660 2854 pro
678 2758 752 2846 his,
773 2762 843 2831 alio
860 2777 1017 2851 tempore
1035 2760 1109 2849 ple·

127 2871 200 2939 nius
214 2868 294 2939 Deo
317 2866 477 2946 iuvante,
501 2887 584 2932 nam
605 2859 689 2933 baec
711 2864 879 2953 temporis
894 2862 1047 2930 brevitas
1063 2859 1108 2925 ad

127 2971 186 3041 slis
210 2992 271 3037 me
291 2982 403 3038 vocat.
453 2965 591 3055 Scripta
614 2980 729 3035 tamen
746 2966 903 3035 indicant
927 2962 1108 3050 ingenium

129 3072 226 3165 quale
240 3068 368 3153 luerit,
394 3066 456 3160 qui
470 3067 627 3152 labores,
650 3070 744 3159 quod
761 3067 918 3136 studium
932 3065 1021 3133 bene
1035 3085 1109 3131 rne-

129 3172 225 3243 rendi
246 3172 293 3239 de
316 3182 390 3239 toto
414 3190 542 3258 genere
566 3163 743 3252 humano,
773 3192 876 3260 quem
902 3164 1013 3256 ipsius
1030 3186 1110 3232 cur-

84 3318 86 3329 ·
129 3298 198 3343 snm
214 3272 355 3343 utinam
375 3294 448 3338 uon
465 3292 568 3359 saepe
584 3269 853 3359 interrupisseat
870 3266 1062 3336 certamina
1078 3277 1112 3331 et

84 3370 87 3375 ¹
131 3374 287 3445 miseriae
301 3386 505 3441 nostrorum
519 3385 728 3459 temporum.
772 3367 811 3437 ln
827 3369 956 3461 quihus
972 3368 1015 3434 ad
1031 3390 1111 3456 per-

131 3477 291 3549 ferendos
316 3474 452 3543 labores
478 3472 761 3554 molestissimos,
794 3470 940 3537 iniurias
966 3468 1112 3555 insuper

84 3574 86 3589 '
131 3575 419 3653 acontumelias,
443 3572 564 3641 auimo
578 3594 715 3661 semper
732 3571 863 3641 invicto
879 3584 914 3639 et
928 3567 1112 3660 patientis-

84 3944 86 3955 .
133 3884 311 3955 veritatem
333 3892 367 3950 et
387 3900 464 3947 earn
483 3899 591 3944 unam
605 3891 786 3966 quaereret
805 3898 843 3943 ac
866 3884 1114 3965 propugnaret.

1157 2489 1240 2556 dere
1258 2486 1374 2569 vellet,
1396 2489 1595 2578 respondet,
1620 2488 1753 2560 Cedere
1767 2517 1841 2562 uon
1856 2518 2054 2585 possumus,
2080 2520 2144 2567 nec

1158 2588 1338 2657 veritatem
1356 2589 1532 2673 deserere,
1555 2584 1711 2661 Oramus
1728 2608 1844 2664 autem
1869 2611 2012 2688 propter
2029 2596 2145 2667 Deum

1158 2702 1192 2757 et
1211 2684 1413 2771 Christum,
1439 2703 1479 2759 ut
1499 2692 1691 2761 adversarii
1710 2696 1815 2765 nobis
1835 2696 2038 2785 ignoscant,
2063 2711 2097 2767 et
2116 2699 2147 2767 si

1158 2804 1325 2881 possunt,
1351 2790 1535 2860 nobiscum
1554 2793 1778 2883 dispensent,
1804 2797 1840 2865 id
1861 2812 1931 2883 est,
1952 2803 2148 2870 concedant

1158 2891 1261 2960 nobis
1291 2914 1330 2959 ea
1357 2915 1447 2984 quae
1477 2894 1570 2962 bona
1598 2896 1812 2967 conscientia
1841 2900 2043 2993 relinquere
2073 2926 2148 2971 non

1159 3013 1355 3083 possumus.
1394 2989 1527 3062 Contra
1543 3020 1649 3087 quam
1666 3020 1786 3066 vocem
1807 3000 1963 3070 auditam
1979 3003 2149 3071 reclamat

1159 3086 1399 3186 Campegius,
1435 3092 1517 3163 Non
1551 3120 1712 3187 possum,
1745 3123 1818 3168 non
1854 3124 2014 3190 possum,
2050 3103 2149 3171 clave

1159 3220 1233 3266 non
1252 3207 1403 3269 errante.
1454 3193 1511 3265 Ad
1531 3200 1623 3288 qnod
1643 3199 1838 3271 tonitruum
1859 3197 2056 3294 Philippus,
2082 3204 2149 3272 etsi

1160 3299 1274 3367 stabat
1292 3296 1390 3365 velut
1412 3295 1449 3364 iu
1473 3300 1588 3365 medio
1603 3296 1785 3384 Leonum,
1809 3302 2014 3394 Luporum,
2041 3317 2149 3397 atque

1133 3406 1137 3515 l
1161 3398 1352 3480 Ursorum,
1378 3397 1440 3489 qui
1459 3398 1572 3487 ipsum
1591 3399 1737 3491 impune
1754 3404 1809 3471 vel
1832 3404 1870 3471 in
1892 3407 2045 3476 minutas
2066 3429 2147 3497 par·

1134 3520 1138 3599 p
1162 3498 1285 3567 ticulas
1299 3496 1494 3586 discerpere
1512 3500 1717 3588 potuissent,
1744 3518 1858 3573 tramea
1876 3506 2053 3594 ingentem
2070 3506 2150 3575 ani-

1162 3622 1260 3669 mum
1283 3609 1432 3687 angusto
1455 3598 1493 3667 iu
1523 3623 1668 3692 corpore
1693 3628 1852 3691 versans,
1877 3606 2067 3677 fortissime
2092 3631 2150 3677 re·

132 3683 216 3753 sium
229 3680 312 3750 fuit.
349 3674 462 3745 Nemo
481 3673 581 3741 illum
599 3696 776 3765 uuquam,
802 3670 1030 3764 quantumvis
1045 3669 1112 3735 im·
1134 3606 1140 3805 Ξ

133 3796 322 3873 P⁰rtunu⁸‚
354 3777 532 3865 degrada
558 3796 621 3843 sno
646 3776 834 3845 deturbare
860 3773 991 3855 valuit,
1025 3769 1113 3862 quin
1162 3696 1609 3794 spond1t‚l)e0‚mqua‚
1635 3717 2152 3779 ‘¹⁰³¹¹⁸⁸“¹‘i¹¹⁰⁸⁶⁰mm¹1·

1162 3803 1287 3885 timus,
1312 3798 1353 3871 si
1367 3798 1462 3871 Dens
1479 3826 1542 3893 pro
1559 3805 1682 3890 nobis,
1710 3808 1788 3901 quis
1811 3822 1933 3879 contra
1951 3810 2041 3878 nos?
2077 3806 2151 3879 De-

1165 3904 1273 3995 nique
1304 3902 1479 3997 quidquid
1512 3905 1596 3988 erit,
1636 3911 1833 3998 superanda
1860 3912 1977 3980 omnis
2007 3911 2151 3979 fortuna

1164 4006 1310 4075 ferendo
1326 4016 1389 4077 est.
1439 4004 1591 4077 Addidit
1606 4021 1640 4077 et
1655 4004 1734 4089 boc,
1761 4005 1932 4081 habemus
1947 4012 2016 4079 iam
2031 4012 2068 4079 in
2084 4034 2153 4079 no·

372 4181 380 4198 ,
419 4180 427 4197 ,
760 4180 768 4195 ,
816 4179 824 4195 ,
1164 4107 1246 4177 stris
1258 4106 1462 4194 regionibus
1478 4117 1529 4177 tot
1553 4109 1760 4179 miserorum
1777 4108 2018 4183 Parachorurn
2034 4127 2067 4182 et
2083 4112 2154 4180 mi·

132 4210 206 4265 ’Μ’
228 4201 265 4258 ²²
285 4183 521 4253 fid²¹¹⁸⁸¹¹¹¹¹¹⁸·
573 4179 643 4251 S‘d
668 4174 735 4248 h⁰⁰
758 4200 869 4269 ΨΜ*
889 4189 1117 4247 ⁸¹¹¹¹¹¹¹¹⁰¹¹¹ft
1165 4208 1359 4279 nistrorum
1382 4202 1620 4278 Ecclesiarum
1650 4211 1816 4299 coniuges
1847 4228 1881 4283 et
1910 4214 2060 4298 liberos,
2089 4212 2154 4305 qui

132 4286 388 4383 pientissimnm
404 4282 559 4350 studium
575 4305 675 4371 saepe
695 4280 964 4371 interpellarunt
979 4279 1118 4347 labores
1168 4310 1223 4382 vel
1246 4308 1476 4402 quadraginta
1499 4306 1651 4380 mimum
1675 4337 1863 4384 numerum
1885 4330 2068 4406 superam,
2100 4326 2156 4385 ,02

133 4386 330 4485 5¹¹¹P⁰¹¹¹¹¹¹i
355 4397 389 4454 ‘¹
422 4383 548 4452 ⁰3¹⁰³¹·
609 4380 758 4471 ΟΜ*
792 4384 837 4450 ‘ld
864 4393 1117 4500 ⁶‚⁰¹¹V⁰⁰¹¹¹⁵‚‘{
1168 4412 1303 4483 animas
1326 4413 1485 4479 deserere
1508 4435 1581 4479 non
1608 4436 1811 4502 possumus,
1845 4417 2011 4486 faciemus
2036 4415 2157 4505 igitur,

133 4490 400 4579 Theologorum
425 4506 629 4573 congressus
653 4497 818 4553 avocatus
839 4484 923 4567 furt,
959 4504 1046 4576 qnos
1069 4486 1119 4551 dn
1141 4486 1146 4605 1
1169 4516 1264 4609 quod
1291 4512 1501 4601 poterimus,
1534 4510 1672 4584 apilio
1695 4514 1784 4600 Dei,
1813 4517 1913 4587 cuius
1939 4512 2025 4586 hm
2051 4540 2156 4585 ema

133 3982 169 4055 ln
189 3980 386 4055 iudicando
408 3990 540 4059 rectus,
571 3977 610 4045 iu
636 3976 905 4066 pronunciando
931 3987 1054 4044 cardus
1076 3995 1114 4039 ac

131 4086 418 4174 circumspectus,
443 4079 479 4146 iu
501 4079 794 4149 communicando
821 4077 982 4145 omnium
1001 4072 1114 4144 lacili-

84 4648 87 4701 ᾗ
132 4597 286 4711 Ῑώθῐθξν
306 4610 393 4683 ‘1¹¹³‘
408 4586 566 4705 mf⁸ffi³⁵
581 4584 775 4703 minuit?
799 4609 880 4655 “⁰¹¹¹
893 4610 966 4702 '¹2¹¹
984 4597 1119 4653 ‘amun'
1142 4628 1146 4705 t
1169 4630 1241 4700 est,
1267 4613 1439 4683 auxilium
1459 4627 1633 4705 petemus,
1658 4632 1779 4687 nostro
1798 4618 1836 4686 in
1854 4619 1932 4688 loco
1955 4630 1989 4686 et
2006 4619 2156 4688 statione

84 4728 86 4791 f
131 4696 285 4769 ¹³bi⁰⁸¹⁸
308 4691 590 4783 mmmmm
619 4688 796 4757 ¹⁰⁰¹⁵¹b¹¹⁸
823 4700 1000 4777 ΜΡοὸηυἐς
1024 4703 1121 4767 ‘⁸⁸⁸¹‘
1170 4738 1399 4811 quoscunque
1434 4715 1572 4785 labores
1607 4733 1642 4790 et
1678 4719 1898 4790 difficultates
1933 4721 2159 4813 perferemus,

84 4926 86 4933 ·
131 4914 246 4974 retur.

130 4800 194 4871 ⁸⁰¹¹
224 4808 261 4867 ‘t
288 4790 561 4863 d⁰me⁸²i⁰⁰ffl¹¹¹
591 4782 658 4869 Τὰς
691 4782 861 4880 ἀμαθίας
898 4789 990 4857 fem
1020 4811 1122 4877 (οὗθ’
1172 4820 1276 4890 etiam
1295 4816 1549 4909 pugnabimus,
1575 4820 1605 4887 si
1627 4843 1765 4913 necesse
1785 4822 1870 4906 erit,
1896 4835 1930 4890 et
1952 4820 2160 4901 moriemur,

1173 4924 1202 4991 si
1222 4916 1320 4990 Deus
1342 4920 1389 4987 ita
1414 4919 1583 5006 voluerit,
1609 4922 1853 5015 potiusquam
1879 4936 1918 4992 ut
1941 4936 1993 4993 tot
2020 4923 2160 4989 animae

236 5029 281 5101 ln
318 5040 497 5099 conventu
536 5021 762 5116 Augustam,
802 5049 898 5095 anno
933 5024 1123 5095 millesimo
1174 5050 1192 5093 a
1213 5022 1319 5092 nobis
1342 5022 1550 5112 prodantur.
1601 5020 1651 5091 Hi
1674 5038 1930 5109 sermones,.et
1952 5048 1994 5093 eo
2017 5023 2056 5091 in
2079 5022 2160 5091 loco

130 5130 416 5233 quingentesimo
430 5128 631 5217 trigesimo,
657 5152 738 5197 cum
753 5142 874 5197 nostra
890 5128 1062 5197 confessio
1079 5130 1124 5197 ab
1174 5125 1280 5207 dicti,
1305 5148 1391 5193 rrttm
1410 5123 1578 5215 pusillum
1599 5139 1659 5194 aut
1678 5126 1903 5215 languentem
1927 5124 2086 5192 animuin
2103 5125 2163 5191 in-

129 5241 194 5311 illo
213 5235 345 5325 scripta
363 5245 469 5314 esset,
494 5242 639 5323 quaeat
656 5243 741 5301 tunc
759 5230 799 5297 ia
813 5227 951 5319 Regum
966 5244 1001 5299 et
1019 5227 1125 5299 Prin·
1176 5229 1292 5297 dicare
1307 5225 1485 5306 videntur,
1510 5248 1612 5316 quem
1627 5227 1679 5296 illi
1696 5228 1862 5297 malevoli
1876 5226 1962 5295 falso
1978 5224 2164 5295 tribuunt?

128 5332 582 5434 cipumsonsessniuvicta
601 5331 743 5416 mansit,
770 5328 909 5419 ltaDco
925 5329 1124 5403 etDomino
1177 5328 1355 5402 Sustinuit
1386 5327 1514 5499 similpa
1538 5331 1732 5402 certamina
1760 5328 1947 5423 aliquoties
1972 5326 2010 5393 in
2035 5326 2168 5398 talibas

1456 5431 1474 5499 1
1510 5434 1528 5476 s
