4546 5760
67 850 76 861 ’
176 835 263 922 Dei,
280 904 282 909 ,
297 857 378 905 cum
401 824 514 901 filium
536 828 610 921 pati
624 825 796 910 voluerit;
821 842 1110 915 expavescamus,
1136 832 1173 890 et

77 997 88 1015 .,
180 940 379 1009 iudicemus
396 955 514 1003 veram
533 952 606 1001 esse
622 927 725 1013 iram,
750 950 825 997 non
842 926 1042 998 simulatam
1059 935 1094 993 et
1108 920 1173 992 de-

173 203 244 275 111
342 180 799 270 uarsronanuu
832 130 1211 258 tubrcroaou
1239 179 1314 260 ar
1348 181 1753 264 scamnorum
1801 184 1909 267 ata.
1933 187 2035 269 xnt.
2141 193 2216 266 tte

175 388 243 437 cur
258 358 365 434 huius
380 355 516 431 hostiae
532 379 572 425 ac
588 353 751 423 victimae
766 350 939 440 dignitate
954 371 1029 418 non
1045 368 1168 417 move·
1220 353 1420 446 assequitur
1441 349 1537 426 bunc
1555 357 1680 442 linem,
1704 369 1863 429 monstra
1880 370 2084 431 nascuntur.
2136 353 2216 427 Va*

176 489 270 538 mur.
319 460 422 534 Certe
439 482 513 530 non
531 469 649 548 parcet
662 456 748 524 deus
763 448 838 538 his,
856 453 918 547 qui
934 460 1171 524 contemnunt
1222 454 1274 525 rie
1301 457 1419 525 aulem
1437 457 1638 551 impeditur
1661 470 1807 545 natura,
1838 461 1895 530 vel
1921 484 2001 530 cum
2022 458 2216 529 efficientes

163 565 270 663 'hanc
285 561 451 636 hostiam,
1222 579 1344 627 causae
1365 576 1440 628 non
1460 571 1553 629 recte
1576 560 1814 642 conveniunt,
1840 577 1880 633 ut
1895 585 1975 631 cum
1991 561 2215 631 diversarum

200 675 204 684 ’
1117 717 1127 736 ,
1222 659 1416 749 specierum
1438 661 1633 731 animantia
1654 663 1942 744 committuntur,
1977 663 2137 733 vel‘cum
2157 687 2216 734 re-

1116 741 1170 789 “a
1223 761 1360 831 dundat
1389 776 1452 833 aut
1486 761 1604 832 delicit
1632 763 1798 850 materia,
1829 779 1870 836 ut
1897 789 1978 836 cum
2008 778 2215 839 accrescunt

1224 862 1347 954 aliqua
1370 863 1528 934 membra
1558 876 1619 935 aut
1648 865 1912 952 desiderantur,
1942 867 2032 939 sicut
2059 865 2098 935 in
2128 888 2248 956 agro.

1223 958 1434 1053 Augustano
1454 965 1573 1057 biceps
1594 965 1727 1036 vitulus
1750 982 1854 1038 natus
1878 981 1929 1038 est
1949 982 2109 1060 tempore
2125 990 2215 1038 con-

1225 1078 1371 1150 ventus,
1395 1065 1458 1158 qui
1474 1067 1543 1136 fuit
1557 1090 1652 1136 anno
1673 1062 1783 1141 1680.
1833 1068 1986 1141 Materia
2002 1083 2036 1141 et
2050 1068 2130 1140 aliis
2144 1069 2219 1139 cir·

1226 1167 1448 1237 cumstantiis
1468 1169 1564 1238 varie
1585 1170 1818 1242 confunditur
1842 1183 1883 1242 ut
1908 1194 1988 1241 cum
2008 1163 2217 1266 causam‘);

1226 1282 1343 1337 tamen
1376 1269 1591 1361 experientia
1624 1283 1787 1357 testatur,
1812 1296 1852 1340 ea
1877 1296 1952 1343 non
1977 1295 2051 1344 esse
2075 1272 2218 1366 ἄσημα.
2255 1325 2260 1333 -

213 1428 228 1437 ,
284 1378 368 1449 Non
388 1375 474 1448 satis
493 1389 547 1447 est
569 1374 612 1442 de
631 1374 682 1441 ira
701 1371 865 1459 cogitare.
915 1357 1174 1437 Neevenithic
1227 1367 1349 1462 ltaque
1365 1394 1439 1440 non
1456 1370 1570 1441 solum
1589 1395 1608 1440 a
1626 1374 1755 1461 poetis,
1769 1374 1947 1443 sedetiam
1962 1371 2219 1467 abAstrologis

182 1484 278 1555 filius
294 1480 384 1564 Dei,
408 1491 449 1548 ut
472 1487 611 1547 tantum
636 1472 831 1543 annunciet
847 1469 954 1548 iram,
987 1480 1026 1537 ut
1050 1466 1176 1556 perdat
1227 1472 1320 1540 inter
1341 1471 1440 1561 signa
1456 1473 1695 1559 collocantur,
1720 1473 1785 1545 etsi
1807 1475 1973 1565 astrologi
1993 1471 2057 1546 has
2078 1476 2219 1565 signifi-

183 1607 296 1678 genus
307 1577 505 1652 hominum.
547 1575 616 1648 Sed
633 1597 772 1668 necesse
790 1586 843 1643 est
857 1621 942 1645 .....
958 1571 1003 1639 de
1015 1567 1174 1639 bonitate
1228 1573 1380 1643 cationes
1408 1573 1629 1644 obscuriores
1650 1596 1726 1646 esse
1744 1592 1888 1648 censent
1911 1601 2016 1671 qnam
2038 1577 2218 1667 significa·

183 1684 423 1776 00500311010,
1230 1673 1345 1746 tiones
1364 1675 1564 1760 stellarum,
1599 1676 1751 1771 ideoque
1776 1675 1998 1750 Ptolemaeus
2021 1680 2088 1749 ait:
2121 1677 2219 1750 Tra-

279 733 336 829 Sit
363 731 472 822 igitur
498 722 567 797 hoc
594 724 760 817 primum.
826 719 1031 812 Cogitemus
1052 718 1096 789 de

180 1042 339 1111 sinamus
353 1058 507 1132 peccare.

574 1215 801 1314 Secundum.

1229 1776 1396 1847 lectiones
1420 1790 1454 1847 et
1479 1776 1626 1847 crinitae
1642 1780 1811 1849 secundas
1826 1794 1943 1872 partes
1957 1776 2091 1852 babent
2106 1781 2145 1850 in
2161 1781 2219 1851 iu-

653 1840 700 1914 ῙῙ·
1215 1878 1343 1954 uictis.
1394 1875 1448 1948 Ac
1468 1874 1606 1972 physici
1628 1880 1771 1974 quidem
1786 1883 1942 1952 rationes
1956 1895 2152 1977 quaerunt,
2177 1898 2219 1954 ut

286 1999 419 2071 Lucius
433 1991 616 2090 Cyreneus
637 1984 901 2087 σταυροφόρου
917 1986 1178 2076 filiusprimum
1229 2003 1304 2049 non
1328 1978 1426 2069 signa
1450 1993 1610 2067 tantum,
1633 1982 1695 2051 sed
1717 1983 1825 2052 etiam
1840 2006 1962 2055 causas
1977 1983 2219 2059 mutationum

339 2098 463 2171 docuit
483 2093 719 2185 Evangelium
740 2094 785 2164 ad
808 2090 1017 2162 Danubium
1038 2089 1078 2157 in
1100 2083 1178 2156 An·
1231 2080 1323 2153 aeris
1339 2102 1413 2151 esse
1428 2081 1586 2158 doceant.
1620 2081 1679 2155 De
1694 2078 1761 2154 boc
1776 2098 1829 2156 tot
1866 2123 1915 2143 -
1931 2122 1981 2142 -·
1997 2124 2046 2144 σ-

339 2213 440 2292 gusta
457 2197 631 2269 Tiberina
649 2192 883 2285 Regensburg

288 2317 476 2402 Crescens,
503 2314 714 2406 Moguntiae

288 2425 474 2522 Clemens,
501 2433 592 2506 Meti

292 2550 532 2650 Trophimus,
558 2549 696 2623 Arelati
2092 2619 2095 2623 ‚

290 2673 437 2746 Marcus
450 2671 553 2743 Pauli
571 2666 765 2758 discipulus
786 2665 825 2732 in
840 2660 972 2733 Passau
1235 2667 1301 2739 No.
1316 2667 1427 2743 7106.
2089 2716 2142 2731 ..
2159 2717 2212 2735 ..,

291 2791 479 2864 Maternus
494 2788 590 2860 Petri
606 2780 982 2876 discipulusColoniae
998 2765 1030 2850 et
1041 2777 1179 2868 Argen·
1239 2765 1410 2796 Μ
2080 2773 2223 2804 ⁹⁹⁸⁴

342 2895 446 2966 torati
1384 2871 1594 2984 (Fragras
1625 2871 1683 2958 de
1711 2871 2077 2992 iustificatione.)

292 3008 491 3086 Nathanael
509 3010 602 3103 apud
619 3006 807 3096 bituriges’
834 3001 1003 3133 T‘eVims
1301 3050 1325 3123 †
1343 3049 1380 3104 Ex
1394 3049 1562 3122 autographo
1576 3051 1762 3108 Melantbonis
1774 3053 1803 3109 in
1815 3055 1906 3119 bibliis
1923 3058 2085 3131 germanicis
2102 3059 2224 3132 tuden,

292 3132 446 3207 Lasarus
459 3129 684 3201 resuscitatus
699 3122 890 3216 Massyliae
1337 3120 1503 3191 desumptum
1517 3139 1533 3174 ο
1545 3119 1573 3176 8·
1589 3120 1622 3174 V·
1638 3120 1783 3187 Setutzto.
1799 3122 1926 3197 theologo
1942 3125 2154 3185 venatuum.

294 3249 403 3323 Anno
420 3247 559 3318 domini
573 3241 633 3317 55.
641 3243 819 3337 lapidatus
830 3232 1031 3330 Stephanus
1047 3247 1080 3304 et
1096 3255 1182 3303 con·

344 3372 465 3421 versus
483 3347 624 3418 Paulus.
1100 3359 1105 3366 ·

296 3466 429 3540 Paulus
454 3488 574 3557 passus
600 3462 729 3535 ultimo
746 3482 841 3529 anno
856 3445 1030 3538 Neronis,
1055 3452 1185 3521 videli-
1235 3438 1345 3525 Nulli
1375 3448 1579 3526 Christiano
1607 3457 1844 3528 dubitandum
1876 3474 1944 3541 est,
1976 3475 2054 3550 post
2083 3461 2223 3551 lapsum

342 3582 396 3639 cet
420 3587 514 3638 anno
543 3565 681 3635 domini
707 3560 768 3630 70.
836 3557 931 3648 Ergo
956 3554 1184 3627 concionatus
1237 3555 1343 3646 primi
1362 3557 1518 3646 parentis
1533 3581 1655 3627 omnes
1670 3553 1850 3640 honrines,
1876 3576 1915 3633 ut
1938 3560 2227 3655 inquitAposto.

347 3683 398 3740 est
414 3666 547 3740 Paulus
565 3666 703 3754 circiter
718 3659 768 3737 35
785 3686 910 3732 annos·
1237 3657 1310 3741 lus,
1337 3659 1432 3726 nasci
1447 3657 1538 3726 filios
1555 3657 1627 3727 irae
1642 3672 1675 3729 et
1690 3659 1852 3732 inimicos
1867 3663 1945 3745 dei,
1970 3688 2082 3758 eoque
2099 3688 2175 3737 esse
2189 3667 2230 3737 in

1237 3770 1350 3828 morte
1365 3771 1400 3828 et
1416 3759 1584 3832 servitute
1597 3763 1741 3853 peccati.

1333 2238 1409 2321 (Hic
1426 2240 1536 2306 desinit
1553 2243 1697 2326 pagella.)

1450 3287 1529 3386 (De
1543 3255 1802 3387 iustificatione
1817 3290 2007 3396 bortrinis.)

199 3950 1181 3984 W*
1340 3937 1429 4010 Item
1452 3942 1543 4011 nulli
1565 3937 1768 4014 Christiano
1793 3940 2044 4036 ambigendum
2068 3965 2121 4022 est
2144 3954 2229 4025 nial-

1239 4043 1314 4112 lum
1337 4037 1520 4111 hominem
1538 4066 1638 4135 posse
1654 4039 1730 4115 Deo
1746 4047 1986 4134 reconciliari,
2008 4050 2166 4146 itemque
2181 4056 2228 4124 li-

205 4178 273 4251 No·
289 4169 402 4246 7105·
810 4188 813 4195 ,
1036 4207 1084 4222 ..,
1111 4199 1160 4216 ..
1240 4143 1356 4215 berari
1372 4168 1390 4211 a
1407 4144 1573 4215 servitute
1588 4145 1730 4237 peccati,
1756 4148 1823 4217 nisi
1840 4173 1904 4241 per
1915 4144 2098 4223 Christum
2114 4178 2228 4228 unum

122 4248 123 4251 ’
204 4275 417 4314 w
1017 4256 1186 4286 *Ν
1239 4245 1469 4315 mediatorem
1486 4243 1554 4315 Dei
1579 4260 1612 4318 et
1637 4241 1845 4336 bominum,
1869 4275 1934 4344 per
1958 4253 2057 4324 cuius
2078 4258 2228 4346 qratiam

426 4385 475 4478 F
493 4415 522 4471 α
560 4383 607 4472 ln
651 4384 708 4471 de
736 4375 982 4488 monstris.)
1240 4344 1698 4468 (¹,¹²,i¹¹‘l⁰llAP⁰⁸l⁰l}¹⁸·2d
1713 4347 1838 4448 Rom.)
1853 4376 1929 4423 non
1948 4367 2085 4473 tautum
2101 4381 2228 4433 recon-

406 4395 426 4495 (
468 4417 493 4473 r
522 4413 558 4498 g
608 4447 619 4472 ⁰
702 4490 705 4495 ·
1242 4448 1407 4518 cslramur
1434 4446 1528 4534 Deo,
1567 4463 1601 4521 et
1627 4451 1822 4522 liberamur
1845 4478 1864 4524 a
1890 4471 2059 4528 servatute
2083 4463 2230 4551 peccati,

284 4571 325 4624 Ex
338 4564 509 4637 autographo
523 4558 642 4633 Philippi
655 4559 685 4614 in
699 4556 762 4614 cod.
774 4554 857 4612 Goth.
876 4554 925 4610 fol·
945 4552 999 4610 No·
1014 4551 1074 4610 8⁸⁰·
1240 4551 1302 4669 sed
1327 4550 1432 4669 etiam
1457 4551 1632 4646 efficimur
1653 4567 1833 4626 consortes
1857 4557 2171 4633 divinae'naturae
2197 4580 2232 4636 et

199 4706 384 4821 Eetioneas
408 4744 565 4827 Philippi,
601 4746 634 4802 in
661 4761 720 4825 qua
744 4742 839 4801 multa
864 4742 976 4801 talsmo
1001 4698 1110 4801 iterum
1133 4735 1189 4798 ds-
1240 4653 1303 4721 filu
1322 4650 1399 4727 Dm·
1445 4777 1447 4780 .

251 4858 321 4919 ,leta
342 4861 421 4913 suut.
468 4845 523 4913 Est
549 4847 752 4927 tisgmsntum
777 4845 881 4925 soripti
906 4839 943 4900 do
968 4843 1120 4904 monstris.
1342 4837 1433 4909 ltem
1453 4839 1677 4931 perspicuum
1703 4856 1773 4921 est,
1801 4846 1897 4936 quud
1923 4847 2038 4917 adulti
2053 4870 2128 4919 non
2145 4876 2234 4924 con.

1242 4957 1438 5036 sequuntur
1446 4937 1536 5012 baec
1551 4942 1718 5013 beneficia
1736 4938 1870 5031 christi,
1894 4948 1964 5017 nisi
1980 4953 2232 5041 praeveniente

199 5003 274 5092 Est
295 5012 414 5103 itaque
439 5017 653 5090 m⁰n⁵lfflma
678 5015 835 5074 ‘mlum
857 5014 1004 5073 mlum
1024 5003 1119 5096 ΨΜ
1143 5001 1187 5071 ad
1240 5056 1339 5115 motu
1354 5043 1498 5135 spiritus
1515 5044 1644 5129 sancti,
1670 5069 1744 5138 quo
1758 5070 1879 5118 eorum
1896 5072 1997 5121 mens
2011 5065 2045 5123 et
2065 5055 2232 5128 voluntas

199 5116 307 5191 linem
322 5111 464 5190 attinet,
489 5103 557 5178 hoc
574 5119 636 5186 est,
663 5128 743 5174 cum
759 5117 884 5175 natura
901 5103 1090 5174 lmstratur
1107 5103 1189 5188 line,

201 5240 307 5312 quem
328 5211 464 5306 alioqui
486 5207 625 5300 expetit.
677 5202 788 5299 Cupit
811 5205 906 5277 enim
930 5218 1057 5275 natura
1075 5217 1188 5275 certae
1300 5206 1305 5218 '

201 5317 328 5411 speciei
343 5313 569 5386 individuum
584 5309 739 5400 gignere,
758 5307 818 5378 sed
836 5332 915 5380 cum
931 5306 1099 5399 impedita
1115 5331 1188 5376 non
1275 5333 1304 5402 a)
1323 5331 1499 5391 Desideratus
1510 5331 1556 5390 a„
1570 5351 1661 5391 „m
