4546 5760
481 148 1077 232 suntcredo-utram
1108 146 1185 225 M
1218 146 1785 235 ostuduttttltattrn,
1838 146 1841 153 '

122 166 210 237 231.
2053 161 2171 257 ‚28st

122 330 369 426 obsignaverst'
382 354 421 402 se
436 324 636 426 expediret,
658 328 904 415 sed-¹eomitis,
928 350 1037 421 quem
1053 322 1126 399 se·''
1159 323 1405 416 superioribus
1419 326 1547 398 diebus
1561 351 1643 399 eum
1652 328 1856 405 loaebimus
1867 330 1990 406 adbuc
2003 335 2153 423 aduet,

119 464 199 509 cum
213 439 408 507 adduxerat
420 430 628 515 invaletudo
642 431 792 516 obstitit,
805 430 866 524 qui
884 428 949 523 per
961 422 1109 522 banc⁸²)
1160 449 1197 499 se
1218 427 1259 496 in
1283 450 1324 497 ea
1347 428 1520 520 opinione
1540 430 1650 501 fuisse
1671 434 1829 521 dicebat,
1854 459 1986 509 nervos
1998 448 2151 509 dantum

2 548 5 555 '
120 564 201 611 cum
227 539 340 609 literis
364 536 439 605 illis
461 536 583 606 itineri
602 556 639 603 se
662 535 760 604 solus
779 532 1001 604 committere
1018 526 1123 609 -uoa',
1155 552 1201 599 ex
1217 530 1430 600 laceratione
1446 532 1607 602 dolorem
1624 537 1777 619 sentire,
1801 536 1874 609 Sed
1897 562 1974 609 rem
1989 539 2098 611 'aliter
2111 564 2151 613 a

119 643 255 734 potuit,
283 664 365 709 cnm
387 632 499 708 buius
521 660 629 728 opera
651 639 694 707 ad
719 658 778 704 eas
802 637 1030 728 perferendas
1053 634 1110 704 uti
1159 625 1313 721 babere,
1338 632 1447 726 idque
1462 655 1500 704 se
1514 656 1557 703 er
1569 634 1633 717 iis,
1659 654 1844 731 quactum
1860 641 1900 710 in
1914 662 1952 709 se
1966 640 2151 735 experire·

120 745 247 831 vellet,
272 740 343 812 Sed
366 763 433 810 noa
455 738 696 809 existimamus
713 738 838 808 divino
856 738 1006 808 consilio
1030 759 1106 805 rem
1159 745 1220 801 tur
1234 734 1389 816 discere,
1409 749 1444 805 et
1457 759 1587 807 nervos
1601 739 1707 809 etiam
1723 743 1870 814 aliunde
1888 743 2051 815 dolorem
2067 768 2151 841 per-

120 847 372 936 gubernatam‚
398 866 444 910 ne
460 842 553 910 mori
569 840 705 910 videret
729 863 830 924 eum,
856 864 962 934 quem
985 853 1105 931 postea
1159 834 1297 927 cipere,
1330 838 1444 930 deque
1468 839 1714 913 dissolutionis
1737 844 1776 913 in
1798 859 1926 917 natura
1947 868 2058 917 sensu
2082 847 2163 917 ati--

119 961 300 1017 mortuum
315 944 470 1035 aspicere
485 966 562 1011 non
578 944 711 1034 potuit,
728 954 770 1011 ut
787 943 969 1016 referetur.
1020 937 1106 1009 Dis·
1158 938 1248 1031 quid
1269 938 1481 1025 disserebat,
1517 954 1558 1010 ut
1581 942 1735 1034 intelligi
1756 948 1868 1038 possit
1892 943 1949 1017 bis
1972 948 2082 1020 rebus
2099 942 2152 1047 ²⁴)

120 1049 225 1119 cessit
249 1048 360 1136 igitur
382 1057 459 1115 tum
485 1040 686 1114 loacbimus
711 1040 779 1113 boc
801 1046 942 1130 animo,
976 1058 1017 1114 ut
1043 1041 1105 1136 qui
1158 1063 1233 1108 non
1247 1053 1324 1112 tum
1339 1042 1495 1134 primum
1510 1043 1741 1135 cogitationes
1759 1049 1858 1120 illius
1877 1050 2048 1143 occupari
2070 1074 2163 1123 cae·-

120 1174 227 1245 quam
245 1149 401 1240 primum
415 1161 506 1217 esset
525 1167 748 1232 reversurus,
772 1160 806 1216 et
818 1148 922 1216 valde
936 1146 1107 1229 solicitus,

120 1252 208 1347 quid
242 1254 287 1320 de
321 1273 533 1344 paroxysmo
571 1248 725 1319 instante
749 1263 839 1319 esset
858 1251 1040 1333 futurum,
1072 1260 1107 1317 et

120 1376 324 1449 quanquam
346 1353 595 1421 metuebantur
617 1351 757 1434 omnia,
782 1364 901 1421 tamen
927 1353 970 1420 ad
994 1349 1105 1418 mini·

58 1460 61 1465 '
118 1479 218 1527 mum
234 1468 316 1524 ante
330 1453 521 1546 septimum
536 1476 787 1546 paroxysmum
807 1449 916 1522 nihili
933 1452 1106 1544 gravioris

117 1557 324 1628 mutationis
367 1556 600 1627 metuebatur.
662 1552 873 1625 Praesertim
914 1581 994 1625 cum
1030 1554 1105 1644 pri-

119 1662 226 1729 diana
249 1658 307 1727 die
329 1657 437 1739 talem
466 1681 546 1726 eum
562 1656 792 1741 vidissemus,
816 1670 859 1726 ut
873 1679 978 1748 supra
997 1681 1105 1747 expo-

118 1762 265 1831 suimus.
320 1757 470 1829 Miserat
485 1754 554 1828 buc
572 1755 835 1828 illustrissimus
850 1756 1020 1850 Princeps
1028 1759 1106 1830 An-

56 1934 59 1941 ,
116 1860 278 1933 baltinus
293 1855 495 1930 loacbimus
508 1873 573 1934 etc.
589 1884 655 1952 pro
673 1861 859 1930 affectione
874 1884 953 1951 erga
964 1857 1106 1935 D.Pbi-

118 1966 257 2057 lippum
281 1961 535 2051 benignissima
561 1985 645 2045 sua,
676 1962 738 2055 qui
762 1986 844 2030 eum
872 1964 1018 2048 viseret,
1070 1960 1105 2032 ls

119 2069 224 2137 etiam
247 2066 315 2136 sub
339 2064 433 2134 idem
461 2076 599 2156 tempus
619 2059 705 2132 hinc
731 2064 952 2150 discedebat,
987 2079 1028 2135 ut
1060 2065 1105 2133 de

116 2168 322 2239 valetudine
344 2160 504 2257 Philippi
525 2162 683 2256 Principi
713 2188 778 2234 suo
802 2169 966 2251 referret,
997 2164 1105 2237 Hunc

119 2272 228 2362 igitur
242 2271 396 2357 legatum
416 2281 491 2339 tum
513 2269 561 2336 ita
579 2290 649 2336 ase
666 2266 868 2339 dimittebat
890 2284 930 2340 ut
944 2267 1105 2359 Principi

118 2374 253 2465 optime
263 2368 312 2465 ²³)
333 2382 535 2461 precaretur
556 2369 675 2438 verbis
700 2371 911 2441 testantibus
925 2396 1103 2441 summurn

82 2463 85 2467 ’
118 2499 198 2565 erga
223 2475 325 2543 illum
350 2469 552 2562 Principem
575 2473 732 2541 studium
754 2494 874 2556 suum,
900 2488 934 2541 et
948 2473 1043 2563 piam
1071 2488 1105 2544 et

116 2577 328 2647 submissam
342 2598 464 2644 curam
478 2576 523 2643 de
537 2574 644 2642 rebus
667 2568 774 2641 buius
791 2574 986 2655 universis,
1014 2598 1104 2667 quae

37 2704 42 2719 ⁴
116 2682 192 2749 sine
206 2677 372 2771 lacrymis
385 2677 509 2747 audire
523 2698 630 2744 nemo
645 2688 795 2766 poterat.

229 2778 340 2850 Paulo
367 2793 445 2871 post
466 2778 707 2847 afferebantur
722 2778 845 2847 literae
862 2800 903 2846 ex
917 2775 1103 2865 Helvetiis,

116 2884 249 2976 quibus
268 2882 489 2951 scribebatur
510 2878 717 2951 Romanum
746 2880 949 2972 pontificem
972 2877 1104 2952 Conci-

115 2986 207 3054 lium
222 2984 360 3067 moliri,
387 2985 433 3052 ad
449 2980 863 3076 quamsignilicationem
879 2983 941 3052 ille
955 2984 994 3052 in
1010 2980 1103 3053 banc

116 3090 225 3156 ferme
248 3085 461 3156 sententiam
484 3084 739 3175 respondebat,
764 3098 806 3156 ut
825 3086 977 3169 diceret,
1007 3087 1102 3156 mori

117 3190 186 3258 sibi
202 3188 329 3258 melius
342 3211 432 3268 esse,
454 3210 562 3280 quam
576 3188 621 3255 ad
637 3182 828 3257 concilium
847 3188 988 3268 venire,
1016 3213 1100 3257 nam

116 3314 206 3384 quae
222 3290 467 3359 distractiones
485 3302 561 3359 tum
585 3305 700 3360 essent
722 3290 880 3373 futurae,
908 3304 941 3359 et
961 3290 1102 3384 inquot

115 3406 232 3482 partes
247 3392 435 3462 discessuri
454 3402 585 3475 esseut,
610 3393 674 3485 qui
697 3392 877 3482 puriorem
898 3392 1098 3463 doctrinam

116 3494 383 3584 profiterentur,
409 3495 512 3563 facile
535 3516 637 3583 posse
657 3493 835 3564 aestimari
859 3518 900 3562 ex
924 3495 1099 3583 praesenti

115 3610 206 3665 statu
222 3619 362 3682 rerum,
389 3597 451 3691 qui
467 3610 549 3677 ante
563 3596 683 3665 oculos
699 3609 786 3665 esset
801 3597 979 3666 omnibus.
1011 3597 1098 3667 Mox

113 3700 180 3767 sub
193 3692 319 3766 boram
335 3713 494 3769 octavam
510 3698 722 3768 matutinam
739 3699 849 3769 febris
868 3714 965 3769 sexto
983 3701 1099 3789 coepit

113 3798 417 3893 παροξυνθῆναι,
440 3812 546 3891 atque
569 3812 645 3869 tum
664 3801 793 3871 astanti
812 3800 952 3871 cuidam
975 3802 1020 3869 ad
1047 3802 1099 3870 le-

113 3902 248 3970 ctulum
281 3904 444 3993 propius,
491 3896 557 3972 bac
589 3915 693 3971 nocte
716 3903 836 3997 inquit
870 3902 1021 3991 cogitavi
1054 3903 1098 3972 de

113 4004 230 4072 stultis
251 4002 551 4095 disputationibus
580 4027 722 4090 eorum,
756 4006 819 4098 qui
842 4017 974 4094 negant
1000 4008 1096 4097 quod

112 4100 277 4175 Christus
300 4122 449 4177 mortem
476 4105 697 4191 extimuerit,
728 4107 801 4175 imo
829 4121 863 4177 et
889 4106 1009 4176 timuit
1035 4107 1097 4177 ille

112 4219 263 4276 mortem
281 4208 420 4279 dicebat
438 4224 473 4279 et
496 4221 594 4279 tanto
608 4209 720 4297 magis
732 4221 866 4301 quanto
888 4208 1019 4277 melius
1039 4209 1097 4278 in-

112 4309 248 4380 tellexit
265 4310 351 4403 quid
371 4312 417 4383 sit
441 4310 554 4395 mori,
582 4330 687 4404 quam
712 4333 777 4379 nos
800 4309 955 4399 cogitare
971 4334 1097 4401 possa·

112 4433 210 4491 mus,
235 4423 270 4481 et
281 4412 445 4488 solemus.
497 4408 617 4506 Atque
633 4408 701 4482 boc
717 4414 795 4481 loco
810 4412 928 4482 obiter
940 4414 1096 4482 referen-

111 4513 218 4595 dum,
244 4508 336 4584 banc
357 4517 597 4607 quaestionem
624 4536 705 4583 eum
727 4513 889 4584 ultimam
913 4515 952 4583 in
972 4512 1097 4587 ethicis

111 4614 412 4705 disputationibus
430 4618 503 4688 suis
529 4615 670 4707 publice
702 4615 943 4707 proposuisse,
994 4616 1097 4706 Quo-

111 4719 219 4785 modo
234 4718 401 4789 voluutas
416 4721 455 4788 in
464 4715 607 4790 Christo
620 4718 835 4787 formidante
850 4735 999 4790 mortem
1009 4745 1096 4790 con-

111 4832 212 4907 gruat
236 4843 317 4889 cum
334 4822 517 4892 voluntate
540 4820 677 4888 aeterni
695 4818 828 4906 Patris,
855 4846 962 4915 quam
983 4837 1097 4893 morte

111 4921 276 5009 abreptus
291 4922 539 5013 inexplicatam
555 4922 720 5014 reliquit,
746 4946 827 4992 cum
844 4924 922 4994 aliis
945 4926 984 4993 in
1008 4927 1095 4996 scri-

110 5022 181 5112 ptis
195 5024 305 5114 ipsius
321 5048 361 5093 ea
373 5025 457 5094 satis
472 5023 689 5116 explicetur?
741 5023 904 5113 Quadam
926 5028 1030 5097 etiam
1055 5054 1096 5102 ex

109 5171 131 5181 U·
166 5174 352 5184 ·-·-·-————-

143 5255 189 5321 22)
209 5255 259 5308 Ed·
274 5259 297 5310 l.
315 5257 399 5310 fiune.

143 5341 193 5402 25)
210 5338 259 5396 Ed.
275 5342 300 5395 ἲ.
318 5342 424 5405 optimo
435 5344 511 5395 dene.

1160 1142 1262 1233 pisse.

1261 1275 1387 1347 Postea
1404 1302 1527 1353 rursus
1546 1280 1579 1349 ei
1600 1280 1639 1350 in
1657 1296 1814 1354 mentem
1831 1286 1997 1361 veniebat
2020 1290 2066 1360 de
2081 1286 2151 1363 Ca-

1159 1379 1303 1449 merarii
1327 1380 1400 1449 filia
1422 1396 1582 1467 mortua,
1605 1385 1667 1454 illa
1692 1387 1737 1456 de
1762 1410 1830 1480 qua
1854 1411 1961 1479 supra
1982 1390 2152 1479 diximus,

1158 1480 1316 1551 fortassis
1340 1498 1483 1574 aspectu
1509 1485 1613 1554 etiam
1635 1488 1757 1559 mariti
1778 1484 1886 1559 buius
1900 1493 1944 1561 de
1966 1487 2036 1563 bac
2051 1520 2150 1565 com·

1158 1584 1393 1668 monefactus,
1407 1584 1470 1677 qui
1486 1611 1597 1678 prope
1611 1588 1741 1660 lectum
1758 1591 1934 1675 astiterat,
1952 1588 2037 1667 buie
2051 1596 2147 1668 enim

1158 1685 1330 1770 illatum,
1357 1683 1456 1757 Uxor
1472 1702 1531 1758 tua
1550 1712 1618 1781 qua
1637 1704 1748 1762 aetate
1773 1707 1868 1779 erat,
1896 1708 1931 1767 et
1948 1698 2048 1790 quali
2069 1722 2149 1769 cor·

1159 1812 1262 1878 pore,
1290 1803 1325 1859 et
1347 1800 1467 1859 tamen
1484 1814 1591 1882 quam
1615 1793 1686 1862 levi
1710 1810 1891 1866 momento
1914 1798 2149 1890 extingueba-

1158 1902 1235 1974 tur,
1250 1890 1319 1961 fuit
1335 1890 1432 1960 illius
1448 1893 1595 1961 morbus
1610 1895 1750 1966 dicebat
1768 1920 1842 1965 non
1855 1897 2040 1971 dissimilis
2055 1927 2146 1991 meo,

1158 2015 1241 2060 nam
1270 1992 1429 2082 splenem
1453 1994 1617 2063 similiter
1642 1998 1734 2066 male
1767 1998 1933 2070 allectum
1966 1997 2146 2091 babuisse,

1158 2087 1248 2162 mibi
1271 2093 1344 2162 visa
1368 2109 1440 2177 est,
1466 2108 1501 2165 et
1519 2119 1582 2185 ego
1598 2096 1718 2191 inquit
1732 2099 1864 2170 ibidem
1884 2104 2046 2175 dolorem
2063 2130 2146 2177 seu·

1158 2195 1227 2275 tio,
1260 2193 1376 2265 Tanta
1409 2210 1527 2266 tamen
1557 2198 1722 2269 debilitas
1753 2203 1824 2272 mei
1847 2207 2007 2295 corporis
2032 2224 2086 2280 est
2105 2234 2146 2279 er

1158 2299 1307 2367 obscura
1324 2322 1440 2378 causa,
1464 2301 1513 2367 sic
1530 2300 1624 2369 enim
1641 2300 1831 2374 indicabat.
1881 2301 1928 2376 Et
1943 2308 2052 2398 paulo
2065 2326 2147 2382 an'te

1158 2423 1236 2468 cum
1250 2398 1290 2467 in
1307 2400 1475 2470 lectulum
1494 2404 1739 2490 decumberet,
1766 2407 1795 2475 si
1812 2431 1909 2485 mors
1925 2432 2000 2480 non
2017 2425 2072 2484 est
2090 2414 2147 2482 di-

1157 2501 1276 2584 ccbttt,
1309 2504 1412 2571 valde
1433 2504 1550 2589 gravis
1574 2520 1627 2575 est
1650 2500 1737 2575 baec
1752 2509 1952 2598 castigatio,
1977 2514 2146 2585 morbum

1157 2602 1371 2691 significans.
1430 2600 1520 2676 Erat
1541 2605 1581 2675 in
1602 2609 1735 2698 pariete
1756 2610 1888 2681 lectulo
1905 2614 2069 2704 proximo
2087 2628 2146 2688 ta-

1157 2706 1241 2774 bula
1254 2706 1356 2776 affixa
1373 2708 1561 2777 continens
1577 2709 1752 2801 picturam
1768 2712 1954 2802 regionum
1968 2710 2146 2811 Europae,

1156 2830 1261 2899 quam
1283 2832 1362 2878 cum
1389 2809 1645 2903 aliquantisper
1660 2813 1804 2884 intentis
1821 2816 1934 2886 oculis
1948 2820 2147 2909 aspexisset,

1154 2906 1281 2981 Postea
1297 2935 1487 2980 conversus
1503 2914 1547 2981 ad
1563 2927 1716 2986 astantes
1733 2928 1767 2986 et
1780 2918 1937 3001 suaviter
1950 2921 2076 2992 ridens
2087 2923 2152 2993 in..

1155 3014 1251 3105 qnit,
1281 3008 1323 3085 V
1320 3007 1503 3105 irdungos
1526 3017 1706 3106 quondam
1732 3016 1850 3111 (cuius
1868 3043 1973 3112 supra
1989 3024 2144 3097 mentio·

1154 3138 1236 3183 nem
1258 3111 1422 3208 fecimus)
1449 3116 1623 3206 praedixit
1645 3115 1736 3188 mibi
1758 3144 1799 3189 ex
1823 3124 1943 3204 astris,
1975 3147 2035 3194 me
2053 3148 2143 3197 nau·

1153 3217 1304 3305 fragium
1339 3218 1515 3287 facturum
1551 3218 1590 3288 in
1627 3222 1717 3289 mari
1748 3218 1929 3310 Baltbico,
1963 3224 2040 3295 lam
2067 3250 2142 3299 non

1153 3319 1258 3407 longe
1283 3320 1406 3388 absum
1435 3345 1454 3388 a
1476 3322 1566 3389 mari
1587 3322 1669 3403 illo,
1698 3336 1771 3393 erat
1792 3326 1888 3395 enim
1904 3350 1984 3418 pars
1999 3329 2143 3401 tabulae

1152 3446 1211 3501 ea,
1238 3445 1307 3514 qua
1324 3416 1393 3491 boc
1407 3422 1630 3514 depingitur,
1656 3425 1786 3496 lectulo
1801 3429 1973 3519 proxima.

1229 3552 1367 3625 interca
1385 3550 1533 3625 horrore
1550 3557 1670 3625 febrili
1689 3560 1872 3634 desinente
1889 3587 1969 3639 cum
1985 3580 2146 3641 aestuare

1152 3657 1334 3747 inciperet,
1360 3656 1489 3728 accidit
1505 3658 1536 3728 ei
1554 3663 1647 3751 quod
1665 3664 2001 3756 suprascripsimus,
2026 3684 2069 3743 ut
2087 3654 2157 3741 iu-'

1150 3772 1205 3829 tra
1227 3759 1417 3848 stragulam
1441 3783 1544 3829 crura
1568 3763 1750 3832 continere
1773 3790 1849 3835 non
1876 3782 2021 3858 posset,¹
2047 3774 2142 3865 quod

1151 3873 1267 3931 autem
1298 3862 1529 3931 nudationem
1554 3865 1659 3933 talem
1683 3888 1785 3936 suam
1808 3871 1964 3961 conspici
1988 3874 2143 3963 graviter

1150 3964 1275 4045 ferret,
1304 3977 1338 4033 et
1361 3964 1480 4055 plures
1496 3978 1570 4035 tum
1590 3968 1632 4035 ad
1653 3991 1734 4037 eum
1751 3970 1939 4040 visendum
1954 3976 2142 4047 convenis·

1149 4077 1248 4150 sent,
1281 4090 1361 4135 cum
1385 4069 1538 4158 quadam
1561 4069 1797 4141 commotione
1818 4072 1978 4161 dicebat,
2012 4076 2143 4173 quina

1149 4191 1206 4235 me
1230 4166 1418 4237 receditis?
1444 4193 1534 4261 quac
1554 4196 1621 4240 vox
1639 4171 1677 4239 in
1693 4197 1797 4243 causa
1812 4175 1899 4261 fuit,
1925 4189 1966 4248 ut
1979 4177 2141 4277 plerique
2157 4198 2160 4203 '

1149 4281 1269 4361 postea
1294 4269 1491 4340 timidiores
1517 4286 1631 4342 essent
1655 4272 1694 4342 in
1713 4299 1754 4344 eo
1768 4276 1934 4362 visendo,
1959 4303 2073 4374 eaque
2085 4283 2144 4354 die

1151 4371 1269 4440 minor
1291 4384 1379 4442 esset
1404 4372 1593 4443 visentium
1610 4376 1821 4469 frequentia.
1871 4374 2070 4455 Desinebat
2084 4380 2142 4467 bic

1150 4498 1380 4568 paroxysmus
1402 4490 1482 4545 ante
1496 4478 1776 4568 pomeridianam
1794 4483 2008 4569 sectandam,
2032 4498 2076 4556 ut
2089 4504 2143 4559 es-

1149 4588 1202 4648 set
1222 4576 1328 4667 longe
1349 4600 1454 4670 quam
1475 4582 1685 4669 praecedens
1701 4582 1883 4673 proximus
1899 4598 1933 4655 et
1947 4586 2095 4658 brevior
2110 4601 2144 4659 et

1149 4678 1284 4761 lenior,
1310 4681 1347 4747 in
1367 4704 1437 4772 qno
1453 4693 1489 4751 et
1503 4682 1631 4754 deiecit
1647 4684 1782 4776 aliquid
1799 4686 1916 4756 adusti
1939 4711 2142 4761 excremen-

1149 4781 1196 4866 ti,
1222 4782 1364 4872 nigrum
1386 4806 1531 4873 prorsus
1553 4799 1589 4855 et
1611 4785 1677 4856 sub
1698 4786 1805 4856 finem
1825 4790 2029 4883 paroxysmi
2051 4791 2142 4863 lenis

1149 4884 1259 4955 sudor
1282 4908 1345 4975 per
1367 4898 1480 4957 totum
1509 4909 1636 4979 corpus
1658 4889 1845 4975 existebat,
1870 4890 1995 4983 pulsus
2022 4893 2141 4987 etiam,

1150 4985 1284 5059 Urinae
1319 4999 1352 5055 et
1381 5000 1515 5057 caetera
1541 4987 1581 5058 in
1607 5013 1745 5061 summa
1772 4993 1937 5063 universa
1964 4994 2142 5068 eiusmodi

1149 5102 1251 5159 erant
1275 5087 1394 5181 qualia
1416 5112 1489 5159 esse
1511 5089 1657 5179 debent,
1684 5119 1773 5188 quae
1795 5093 1833 5164 in
1855 5093 1945 5166 febri
1960 5120 2061 5190 spem
2076 5099 2141 5171 bo-

1182 5344 1233 5416 21)
1249 5346 1348 5410 redas]
1364 5342 1416 5401 Et.
1431 5346 1453 5403 l.
1472 5349 1575 5408 verdt's.
