4546 5760
1089 1115 1123 1202 l.

606 1326 1110 1442 QUAES'I'IONES
1158 1318 1659 1419 acannnsscan-
1791 1400 1797 1413 Χ

410 1535 442 1601 a
481 1530 871 1600 urnanrnonn
912 1523 1320 1599 senonasrrcrs
1362 1504 1843 1590 Pescennianam·

984 1750 1259 1771 m

94 1966 163 2093 hio
180 1996 215 2071 1.
486 2078 488 2083 y
652 2063 657 2074 ,
723 1992 1088 2082 (an.1532.r011533.)
1139 1982 1255 2057 carius
1272 1983 1520 2055 commendare
1533 1976 1804 2073 Philosophiam
1819 1996 1952 2076 potest,
1975 2009 2082 2080 quam
2099 1988 2131 2060 si

94 2088 218 2125 “⁸“
473 2112 476 2117 ·
735 2090 1089 2133 W
1139 2086 1341 2176 intelligant
1363 2108 1441 2156 eam
1465 2084 1542 2155 Deo
1565 2085 1727 2177 probari,
1751 2085 1782 2155 si
1806 2086 1951 2157 videant
1971 2090 2016 2157 ad
2039 2110 2130 2183 quos

104 2260 108 2267 .
128 2264 131 2269 ,
163 2201 199 2281 {⁰
215 2194 376 2269 ΟΜΝ·
392 2193 465 2270 apud
480 2194 560 2251 tter.
573 2212 601 2268 p.
612 2196 625 2251 ¹
637 2211 699 2269 '‘tt-
874 2218 878 2225 ·
1139 2211 1226 2263 usus
1246 2183 1403 2259 humano
1413 2185 1541 2276 generi
1554 2210 1576 2257 c
1590 2187 1672 2257 Deo
1685 2201 1823 2258 ostensa
1840 2187 1905 2274 sit,
1930 2188 1960 2259 si
1975 2193 2130 2280 cogitent

101 2270 108 2293 ι
247 2306 311 2415 ‘An
357 2339 474 2415 mm
500 2338 568 2412 Ma
614 2341 728 2413 mat..
749 2326 929 2433 officiat?
1142 2314 1216 2363 non
1237 2311 1311 2359 esse
1334 2289 1596 2378 aspernandum
1611 2283 1678 2356 Dei
1699 2290 1852 2374 donum,
1876 2291 1937 2361 sed
1957 2291 2131 2381 singulari

249 2430 252 2435 ·
328 2363 358 2435 P
473 2362 501 2435 Ρ
587 2361 614 2433 p
1139 2392 1269 2486 pietate
1299 2390 1581 2461 conservandum
1613 2400 1718 2482 atquc
1748 2395 1977 2467 ornandum·
2033 2391 2131 2467 Haec

94 2460 222 2579 Nemo
239 2505 396 2567 vestrum
417 2492 576 2582 ignorat,
598 2481 890 2560 msh0c5ss10t0
908 2487 950 2557 ad
968 2485 1091 2559 (150²ss-
1141 2519 1222 2567 cum
1245 2495 1397 2564 doceant
1420 2513 1485 2561 nos
1508 2512 1625 2561 sacrae
1646 2491 1789 2578 literae,
1815 2516 2028 2586 magnopere
2043 2491 2130 2568 hor·

95 2590 186 2679 dum
209 2592 325 2683 officio
349 2593 499 2674 adduci,
522 2614 604 2663 cum
627 2591 665 2663 id
688 2590 806 2661 oneris
828 2584 978 2659 Scholae
1003 2612 1090 2661 con·
1140 2610 1264 2675 tantur
1278 2618 1345 2664 nox
1362 2595 1408 2664 ad
1424 2593 1646 2666 discendum.

96 2688 250 2775 suetudo
276 2694 575 2786 nobisimponat.
603 2764 606 2771 ,
627 2692 747 2785 Quare
769 2691 909 2763 anobis
925 2704 1026 2783 peto,
1049 2703 1092 2763 ut
1243 2696 1405 2773 Fortasse
1418 2695 1482 2765 alii
1496 2708 1581 2765 sunt
1595 2692 1781 2779 acutiores,
1807 2691 1882 2786 Ego
1898 2697 2000 2768 lateri
2015 2723 2131 2772 meam

102 2784 166 2873 tm
183 2812 298 2871 vestra
313 2793 533 2875 humanitate
550 2795 689 2866 veniam
705 2789 793 2863 mihi
810 2793 918 2880 detis,
942 2794 973 2864 si
988 2791 1091 2863 vohis
1141 2799 1342 2871 tarditatem
1372 2822 1446 2866 non
1470 2797 1614 2867 dubito:
1654 2786 1847 2890 Nunquam
1870 2800 1971 2890 potui
1992 2801 2129 2873 intelli.

98 2928 139 2977 tn
153 2898 221 2977 hle
236 2899 347 2973 animi
362 2898 623 2983 imbecillitate,
649 2922 754 2992 quam
772 2889 862 2966 mihi
878 2911 1004 2968 natura
1021 2895 1091 2965 eir·
1143 2925 1236 2998 gere,
1263 2900 1350 2994 quid
1366 2899 1413 2971 sit
1425 2891 1671 2988 Philosophia,
1697 2912 1758 2966 aut
1774 2923 1862 2991 quos
1876 2895 2022 2972 haberet
2034 2928 2130 2986 usus,

99 3003 293 3089 condedit,
317 3016 353 3076 et
367 3013 480 3093 auget
501 2996 588 3071 haec
605 2999 821 3096 frequentia,
847 3023 922 3069 non
939 2999 1022 3069 satis
1037 2999 1092 3067 fc·
1142 3004 1349 3099 priusquam
1365 2996 1457 3073 hanc
1469 2999 1642 3070 sinceram
1657 2993 1845 3089 Evangelii
1862 3004 2060 3077 doctrinam
2075 3021 2131 3077 at·
2169 3054 2171 3058 -

94 3108 189 3187 ‚terit
212 3104 325 3176 oratio
351 3127 440 3172 mea.
491 3101 639 3173 Accedit
661 3103 756 3172 enim
781 3115 917 3191 praeter
939 3113 1092 3170 caeteras
1142 3099 1229 3197 tigi,
1261 3128 1352 3198 quae
1379 3126 1495 3195 nuper
1518 3101 1713 3171 admodum
1736 3102 1907 3191 singulari
1929 3100 1997 3175 Dei
2019 3106 2131 3178 bena

100 3208 327 3289 difficulialet
352 3200 440 3275 haec
466 3204 593 3290 etlam,
631 3205 833 3298 quodcum
857 3203 902 3273 de
924 3197 1093 3272 Philoto-
1142 3208 1223 3281 ficio
1239 3219 1360 3276 renata
1375 3219 1438 3278 est.
1490 3201 1627 3279 Multos
1643 3203 1857 3285 existimoin
1872 3198 1939 3274 hoc
1957 3229 2132 3285 esseron..

102 3300 210 3409 phiae
232 3305 399 3379 laudibus
419 3301 478 3377 hic
502 3304 692 3376 dicendum
715 3305 782 3390 sit,
807 3304 846 3373 in
870 3328 971 3375 causa
988 3302 1093 3374 toties
1144 3331 1263 3394 sessu,
1293 3306 1356 3399 qni
1385 3307 1479 3375 idem
1511 3305 1663 3393 ingenue
1685 3306 1880 3391 fateantur,
1913 3307 2133 3399 dignitatem,

104 3415 218 3499 dicta,
242 3433 372 3480 novam
388 3407 585 3480 orationem
602 3407 735 3502 requiri
749 3407 922 3491 arbitror,
947 3420 982 3476 et
996 3406 1092 3475 iuxta
1144 3412 1217 3480 vim
1247 3422 1281 3479 et
1310 3430 1414 3478 usum
1438 3401 1708 3495 Philosophiae,
1741 3407 1896 3497 primum
1925 3422 1961 3478 te
1993 3413 2132 3501 cognita

103 3513 357 3611 proverbium,
391 3504 447 3582 Τὰ
477 3503 586 3581 κοινὰ
613 3511 760 3590 καινῶς·
818 3505 858 3578 ld
885 3532 967 3578 vero
993 3529 1094 3599 prae·
1144 3507 1278 3584 Christi
1297 3510 1456 3579 doctrina
1475 3507 1700 3599 perspexisse.
1753 3505 1924 3581 Acvideo
1941 3512 2135 3605 inscriptis

104 3632 198 3691 stare
223 3638 297 3710 non
315 3627 368 3684 est
384 3611 573 3682 mediocris
589 3610 733 3701 ingenii.
785 3609 908 3704 ltaque
924 3610 1093 3703 qnoniam
1145 3611 1338 3706 superioris
1348 3610 1491 3695 aetatis,
1516 3609 1648 3679 multos
1662 3609 2134 3708 incommodellbilosophs-

105 3742 208 3812 saepe
230 3729 334 3786 antea
357 3715 408 3785 sic
428 3726 481 3784 est
497 3725 621 3784 ornata
637 3714 729 3810 veris
745 3714 912 3783 laudibus
929 3709 1094 3782 Philoso-
1145 3730 1202 3789 toa
1233 3736 1324 3800 esse,
1367 3713 1450 3807 quia
1480 3735 1555 3783 non
1586 3710 1930 3800 animadverterunt,
1969 3718 2056 3809 quid
2089 3721 2135 3791 de

105 3816 192 3915 phia
213 3819 255 3889 in
276 3812 343 3888 hac
357 3810 509 3900 Schola,
534 3828 577 3887 ut
598 3815 734 3914 nullius
755 3815 879 3886 aetatis
902 3815 1012 3886 literis
1035 3824 1096 3882 arat
1146 3812 1380 3907 Philosophia
1395 3814 1527 3886 iudicet
1543 3814 1728 3903 scriptura,
1751 3838 1816 3885 nec
1832 3816 2023 3889 discrimen
2041 3819 2136 3892 intur

104 3920 351 3995 monumentis
366 3913 658 3989 honorificentius
675 3918 872 4008 praedicata
887 3917 952 4004 sit,
979 3942 1042 4007 ego
1057 3913 1097 3983 in
1147 3916 1381 4008 Evangelium
1401 3930 1436 3986 et
1450 3909 1718 4005 Philosophiam
1739 3917 1979 4003 perviderunt,
2032 3919 2136 3994 Nune

104 4021 306 4123 praesentia
324 4020 456 4090 omisso
470 4016 667 4105 Encomio,
691 4032 830 4093 tanturn
848 4044 960 4090 arnum
976 4020 1096 4091 locum
1148 4020 1258 4111 igitur
1280 4043 1360 4090 cum
1376 4011 1626 4107 Philosophiae
1650 4016 1802 4106 dignitas
1825 4043 1887 4110 per
1902 4016 2137 4112 Euangeliou

106 4124 281 4213 attingere
298 4119 479 4196 constitui.
1152 4122 1320 4213 patefacta
1351 4133 1458 4213 atque
1487 4119 1662 4189 illustrata
1694 4118 1759 4204 sit,
1792 4121 1923 4211 ingrati
1953 4123 2137 4195 iudicandi

212 4223 369 4315 Quidam
385 4222 465 4293 ideo
481 4246 609 4314 parum
621 4221 726 4315 aequi
740 4235 823 4294 sunt
835 4218 1098 4315 Philosophiae,
1151 4238 1253 4305 saint,
1278 4224 1340 4316 qui
1361 4218 1430 4291 hoc
1446 4219 1616 4290 beneficio
1632 4215 1816 4308 Evangelii
1833 4225 1884 4293 nti
1901 4225 2049 4308 nolunt,
2075 4226 2138 4320 qui
2234 4238 2240 4249 ’

107 4329 342 4428 quia‘putant
364 4348 441 4395 eam
464 4324 604 4394 officere
626 4323 760 4417 pietati.
811 4320 887 4414 Ego
911 4350 995 4397 vero
1017 4349 1099 4416 pro-
1150 4324 1237 4399 haec
1262 4326 1378 4395 studia
1405 4334 1657 4406 contemnunt,
1688 4347 1780 4416 quae
1802 4347 2014 4415 magnopere
2033 4329 2139 4399 nobis

107 4447 188 4528 pter
207 4427 406 4519 angustiam
428 4425 598 4517 temporis
620 4421 678 4498 hic
702 4450 776 4496 non
796 4449 990 4517 exponam,
1014 4451 1101 4519 quas
1151 4428 1329 4523 praedicat
1343 4424 1662 4517 Spiritussanctus.
2125 4474 2129 4483 .

104 4532 282 4610 utilitates
304 4554 345 4599 ex
365 4528 515 4617 singulis
530 4522 781 4620 Philosophiae
803 4530 963 4618 partibus
979 4530 1098 4621 decer·
1252 4524 1307 4600 Ac
1338 4528 1454 4596 videte
1485 4548 1575 4619 quae
1605 4526 1814 4615 perversitas
1842 4526 1886 4597 sit
1913 4526 2138 4618 ingeniorum

108 4659 195 4732 pere
210 4628 416 4722 Theologus
432 4629 556 4721 possit.
605 4628 816 4700 Praesertim
833 4654 913 4700 cum
930 4626 1101 4719 Augusti·
1151 4627 1405 4709 humanorum,
1458 4625 1668 4697 Tuncrum
1692 4626 1861 4698 utilitates
1884 4624 2139 4723 Philosophiae

110 4759 182 4817 nus
204 4738 249 4807 de
273 4731 436 4805 doctrina
458 4727 681 4813 Christiana,
722 4732 877 4802 siccatis
904 4727 1101 4803 haedere
1153 4758 1228 4804 non
1250 4743 1392 4803 nossent
1409 4726 1603 4818 Theologi,
1628 4751 1733 4799 nemo
1756 4753 1829 4799 non
1854 4734 2083 4821 putabatsihi
2100 4736 2138 4805 in

104 4837 306 4931 scripserit.
355 4830 404 4906 Et
426 4836 611 4904 commoda
637 4834 696 4904 illa
722 4833 862 4904 notiora
879 4834 971 4913 sint,
995 4860 1101 4928 quarn
1153 4862 1196 4907 eo
1211 4835 1329 4906 studio
1347 4833 1665 4902 consenescendum
1682 4853 1767 4907 esse.
1806 4832 2003 4905 Nunccum
2017 4832 2141 4911 Evan-

111 4958 154 5016 nt
176 4937 395 5011 dissimulari
420 4937 555 5028 possint
581 4936 637 5006 vel
662 4938 707 5005 ab
733 4937 892 5025 ingratis.
943 4933 1101 5006 Tantum
1154 4937 1285 5029 galium
1315 4935 1420 5006 nobis
1449 4930 1575 5004 harum
1608 4932 1737 5001 artium
1762 4934 1834 5003 vim
1862 4937 2075 5022 ostenderit,
2108 4952 2143 5010 et

112 5042 236 5139 paucis
272 5040 501 5131 expostulabo
535 5062 615 5109 cum
646 5038 710 5108 illo
744 5033 932 5109 bominum
964 5061 1103 5127 genere,
1154 5038 1333 5130 praedicet
1353 5035 1530 5114 studium,
1563 5035 1649 5126 quid
1673 5034 1737 5105 ht?
1785 5033 1884 5106 Nulli
1907 5038 2056 5128 perinde
2073 5040 2141 5109 ab·

113 5145 213 5244 quod
230 5142 391 5234 ignaviae
405 5164 488 5211 suae
504 5140 669 5232 pietatem
687 5141 875 5231 praetexit,
898 5141 1104 5234 quominus
1154 5138 1303 5213 horrent
1321 5164 1340 5210 a
1355 5133 1603 5230 pulcherrimis
1619 5136 1837 5228 disciplinis,
1862 5153 1967 5231 atque
1983 5139 2055 5224 illi,
2080 5142 2144 5234 qui

112 5247 264 5338 attingat
284 5239 372 5315 haec
394 5243 523 5313 studia.
572 5236 679 5313 Nulla
697 5242 787 5314 ratio
804 5244 909 5314 bonis
925 5244 1010 5315 viris
1027 5244 1105 5314 elli-
1156 5268 1192 5314 se
1213 5243 1390 5314 studiosos
1413 5262 1591 5309 sacrarum
1609 5238 1792 5311 literarum
1808 5234 1993 5334 perhiberi
2007 5242 2144 5317 volunt.

163 5355 344 5422 marana
362 5349 466 5415 Om,
492 5348 577 5416 Vos.
591 5347 639 5418 X.
1447 5338 1497 5412 44
