4546 5760
113 163 165 236 68
305 89 1962 250 netsrontttttttt,1nntcrotttttttt'rsctttrrottttuetsi-xttt.
2095 171 2146 249 64

115 339 190 405 lore
209 335 380 418 abducas,
405 345 578 426 quantum
596 336 743 402 omnino
759 347 875 424 potes:
903 336 944 401 ets
963 330 1102 418 cogites,

115 438 180 506 nec
195 437 314 504 omnia
334 431 500 505 humanis
516 436 674 505 consiliis
689 435 763 524 regi
781 450 899 526 posse,
916 440 957 501 et
974 432 1102 501 volun-

1153 344 1227 400 tum
1254 312 1401 419 ingenio
1419 359 1461 403 ac
1485 337 1668 426 diligentia
1692 345 1870 431 praestare
1893 346 2147 432 possiumus-

1153 446 1268 500 turam
1293 458 1368 528 csse,
1389 460 1554 525 operam,
1586 466 1633 509 ne
1655 448 1700 511 te'
1716 444 1968 514 beneficiorum
2000 459 2144 516 tuorum

116 554 221 609 tatem
241 535 309 606 Dei
324 560 398 605 esse
414 550 452 605 ut
467 550 645 626 petamus,
668 551 709 606 ut
723 538 819 626 ipsae
836 561 890 606 res
906 534 1099 604 inextrica·
1152 535 1338 623 poeniteat.
1392 536 1489 608 Vale.

114 645 204 717 biles
220 667 282 712 sua
299 639 457 711 mirabili
475 638 633 710 bonitate
649 639 819 713 extricare
836 639 934 710 velit.
986 635 1099 727 Spero

114 758 207 815 certe
221 768 317 813 nunc
334 743 582 812 exauditurum
598 764 670 810 esse
681 741 832 831 gemitus
847 754 996 810 nostros.
1021 736 1101 808 Hoc

113 848 223 937 igitur
242 845 431 934 cogitabis,
455 844 519 913 ubi
542 843 636 913 filius
651 838 717 913 Dei
744 843 877 936 inquit:
905 843 1018 910 Nemo
1042 864 1100 908 ra-

78 953 81 959 ’
111 950 187 1041 piet
210 972 293 1017 oves
313 969 409 1014 meas
437 969 481 1014 ex
501 946 667 1013 manibus
694 946 792 1018 meis.
851 943 954 1015 Hanc
987 964 1101 1009 meam

113 1051 512 1132 commemorationem,
533 1045 672 1117 etiamsi
705 1071 780 1116 non
813 1061 864 1116 est
898 1043 1104 1126 necessaria,

112 1164 232 1222 tamen
249 1151 321 1220 scio
338 1149 407 1218 tibi
422 1171 497 1219 non
514 1148 688 1238 ingratam
701 1150 788 1218 fore.
823 1146 897 1217 Nec
912 1168 1101 1237 argumen-

113 1262 190 1325 tum
204 1252 300 1323 aliud
317 1246 386 1321 hoc
407 1265 564 1341 tempore
587 1247 773 1320 habebam.
824 1244 877 1319 Ex
895 1246 1103 1341 Hamburga

115 1354 303 1433 scribitur,
343 1348 490 1425 Gallum
523 1352 653 1421 inferre
685 1352 819 1421 belluni
850 1350 978 1439 Anglis
1007 1361 1103 1420 tanta

116 1459 245 1537 classe,
270 1469 404 1549 quanta
421 1453 459 1522 iu
484 1476 522 1523 ea
547 1448 685 1522 Oceani
704 1467 804 1547 parte
821 1477 1004 1545 nunquam
1028 1449 1102 1518 visa

115 1571 179 1633 est.
230 1555 375 1628 Caetera
392 1554 697 1629 desiderabantur.

100 1945 182 2024 No.
200 1941 313 2019 7055.

117 2042 321 2077 Μ

970 2034 1101 2059 Μ

531 2140 675 2230 Ν.Ν.’

64 2346 66 2350 v
112 2388 116 2395 Ι
184 2272 513 2394 ΜηΙίἰΪιττῃ.ρ.5Ῑξ.
532 2335 568 2390 '.''
595 2272 779 2390 apographon
794 2304 824 2361 iu
833 2302 1105 2391 Qod.4⁰l.p.100b.

218 2412 253 2426 -
287 2381 404 2438 Manlius
424 2387 575 2449 inscripsit:
595 2378 790 2430 Adolescentis
810 2376 965 2429 cuiusdam.
1002 2376 1034 2427 ln
1058 2391 1104 2429 co·

218 2453 295 2506 dice:
329 2451 394 2505 Atto
407 2448 543 2513 dissipato
560 2447 676 2500 suidam
685 2446 879 2513 praeempta,
897 2443 981 2497 videt.
1002 2460 1017 2496 s
1036 2443 1106 2496 l’liit.

123 2525 125 2529 ’
217 2520 286 2576 Mel.

547 2663 679 2745 ΜΝ.

115 2816 238 2920 Saepe
254 2826 396 2898 decrevi
408 2827 503 2895 ad'te
515 2823 652 2916 aliquid
667 2823 850 2893 literarum
866 2822 970 2905 dare,
996 2819 1105 2891 amice

116 2927 343 3009 charissime,
373 2940 409 2999 et
425 2923 459 3018 ¹)
480 2926 658 3018 specimen
679 2925 757 2996 tibi
780 2923 980 2993 studiorum
1008 2944 1119 2991 meo-'

114 3058 197 3104 runi
213 3027 389 3105 exhibere.
441 3022 609 3121 ltaqne²)
628 3028 764 3117 gaudeo
779 3023 869 3095 mibi
892 3048 989 3094 nunc
1007 3047 1105 3093 com·

116 3133 367 3205 modissimum
402 3143 650 3220 argumentum
684 3130 845 3199 oblatum
881 3149 965 3196 esse.
1011 3123 1103 3195 Nam

117 3261 197 3308 cum
222 3233 426 3326 provocaris
449 3229 551 3323 me³)
575 3233 619 3300 ad
644 3230 871 3299 scribendum
892 3229 999 3297 misso
1025 3250 1104 3296 mu-

116 3362 219 3420 nere,
244 3360 319 3406 non
342 3336 457 3405 solum
483 3334 664 3421 ingratus,
688 3333 876 3400 sedetiam
900 3330 1029 3420 impius
1050 3353 1119 3417 ies-7

117 3464 210 3518 sem,
244 3439 274 3507 si
298 3436 366 3508 tibi
396 3436 534 3506 nullam
551 3434 781 3523 gratitudinis
812 3431 1102 3521 significationem

118 3542 272 3611 vicissim
291 3539 526 3609 ostenderem.
578 3535 634 3606 Ad
653 3532 737 3606 haec
755 3548 857 3627 pater·
876 3535 915 3603 in
933 3533 1102 3624 proximis

117 3644 238 3724 iussit,
263 3655 304 3711 ut
326 3641 392 3709 tibi
414 3639 543 3728 gratias
568 3633 764 3732 agerem⁴).
814 3636 899 3705 Vult
922 3636 1017 3703 enim
1038 3658 1104 3702 iios

117 3768 192 3814 non
217 3744 332 3812 solum
356 3738 545 3833 literas⁵),
578 3743 637 3809 sed
664 3740 768 3808 etiarn
790 3737 990 3807 communia
1018 3731 1105 3804 haec

115 3846 233 3916 ollicis
250 3845 438 3934 diligenter
459 3843 585 3914 colere.
636 3839 887 3911 Gratissimum
910 3839 1019 3927 igitur
1039 3861 1105 3906 no-

117 3950 171 4018 bis
193 3960 296 4017 tuum
320 3944 529 4016 beneficium
551 3957 619 4011 est:
652 3958 687 4012 et
714 3943 796 4034 qiiia
819 3941 923 4010 nobis
945 3962 1105 4009 necessa-

116 4051 210 4118 rium
235 4062 306 4129 est,
330 4060 365 4115 et
389 4047 471 4138 quia
498 4045 672 4123 declarat,
702 4046 803 4113 tede
827 4042 955 4112 studiis
975 4041 1105 4110 nostris

119 4152 250 4221 bonam
269 4174 365 4240 spem
383 4144 527 4216 habere.
579 4144 787 4216 Gaudemus
808 4144 913 4212 etiam
931 4158 991 4213 tna
1014 4142 1106 4211 libe-

119 4253 255 4323 ralitate
278 4263 438 4340 sumptus
463 4241 650 4338 nostros⁶)
677 4247 805 4327 levari,
833 4259 1042 4337 quospater
1067 4246 1106 4311 in

120 4355 227 4423 uobis
253 4351 421 4449 docendis
448 4349 519 4418 iam
546 4350 629 4418 lacit
656 4372 730 4417 non
765 4340 970 4440 exiguos'),
1029 4341 1105 4439 Ago

118 4456 236 4548 itaque
268 4455 336 4523 tibi
370 4451 518 4541 gratias,
557 4475 597 4520 ac
634 4451 826 4543 polliceor,
870 4473 948 4535 me,
991 4473 1107 4541 quan-

119 4621 339 4644 „„.....-..

151 4712 179 4780 l)
200 4709 269 4764 cod.
284 4707 343 4762 401.
362 4723 404 4762 ss.

152 4816 184 4883 2>
201 4812 317 4880 linqui]
336 4807 421 4863 Mrnl.
439 4806 517 4862 Ideo.
840 4874 847 4881 .

153 4916 184 4985 Β)
199 4930 313 4984 proves.
329 4912 387 4979 me]
410 4886 481 4967 God.
494 4909 554 4963 tot.
570 4925 730 4977 provocaris
741 4925 804 4967 rior.

151 5018 182 5087 4)
200 5014 271 5072 cot.
284 5015 343 5069 401.
360 5026 520 5079 ageremus.

155 5123 182 5189 si
199 5118 271 5174 oia.
287 5118 348 5170 soi.
368 5098 439 5167 iiia
451 5112 548 5166 rima.

138 5225 183 5290 -ol
198 5223 327 5282 nostros]
344 5217 421 5269 abest
436 5232 451 5266 a
466 5213 536 5268 (tot.
549 5214 610 5265 lot.

130 5322 309 5391 .2)¹tem··-
325 5317 457 5384 reigned
476 5315 620 5370 coccos.
638 5312 934 5382 ”uelocissimum
999 5374 1004 5383 Ι
1039 5356 1042 5361 .

1166 881 1234 956 Νο.
1249 883 1364 958 7066.

1162 980 1373 1013 ‘m

1427 1069 1625 1169 Senatui
1656 1058 1855 1163 cuidam.

1222 1226 1307 1298 Epist.
1329 1228 1378 1284 lib.
1389 1227 1441 1311 lli.
1459 1248 1488 1300 p·
1508 1230 1567 1286 125.
1585 1231 1639 1298 (sd.
1661 1231 1749 1290 Lond.
1770 1235 1817 1291 lib.
1830 1235 1880 1292 ΙΙΙ.
1898 1253 1943 1306 ep.
1962 1237 2031 1303 bb).
2067 1241 2145 1310 Apo.

1252 1297 1376 1369 grapbori
1388 1316 1417 1350 in
1433 1298 1495 1355 cod.
1508 1300 1602 1357 Melici.
1618 1300 1666 1359 lll,
1683 1322 1711 1370 p.
1727 1302 1807 1361 183¹).
1825 1308 1892 1359 etin
1908 1308 1972 1362 cod.
1986 1308 2145 1368 vindobon.

1213 1360 1215 1365 ’
1257 1365 1318 1451 (ita,
1331 1366 1388 1450 ubl.
1395 1376 1467 1421 recte
1477 1368 1651 1451 inscribitur:
1671 1370 1814 1441 Discipuli
1825 1376 1973 1428 maedam
1983 1378 2146 1432 Melantho·

1252 1452 1297 1489 mr
1307 1446 1472 1501 gratiarnm
1488 1445 1574 1492 astro.
1968 1458 1970 1463 ·

1964 993 2139 1023 Μ

1156 1584 1379 1693 Gratiarum
1405 1594 1502 1663 actio
1524 1589 1580 1663 ad
1602 1590 1782 1669 Senatum
1805 1570 1986 1696 Rapidi.
2022 1603 2144 1683 cuius-

1341 1689 1430 1763 dam
1456 1690 1689 1768 Scliolasti'co
1713 1702 1957 1800 praescriptas
2037 1765 2042 1773 .

1154 1828 1267 1914 Nihil
1297 1837 1388 1911 milii
1415 1845 1572 1915 accidere
1595 1841 1887 1922 honorificentius
1911 1849 1977 1925 liac
1999 1858 2144 1950 quidem

1156 1957 1268 2014 aetate
1284 1945 1420 2035 potuit,
1445 1972 1552 2040 quam
1568 1962 1607 2019 ut
1629 1950 1659 2019 is
1677 1954 1766 2022 ordo
1784 1952 1859 2034 Jsin
1873 1957 1986 2046 patria
1996 1956 2022 2045 ''‚
2045 1960 2145 2031 cuius

1157 2045 1328 2115 iudicium
1355 2061 1406 2116 est
1428 2049 1692 2138 gravissimum,
1725 2079 1783 2124 me
1808 2048 1958 2145 honesto
1982 2061 2145 2133 testimo-

1156 2146 1236 2232 nio,
1261 2148 1300 2215 in
1325 2150 1441 2218 danda
1466 2154 1765 2225 commentatione
1788 2172 1942 2229 ornaret.
2002 2159 2144 2233 Deinde

1156 2272 1236 2319 cum
1256 2250 1391 2319 aditum
1409 2246 1499 2320 milii
1515 2254 1559 2322 ad
1576 2244 1751 2353 Philippi
1767 2258 2044 2331 familiaritatem
2064 2265 2146 2336 lite·

1156 2375 1215 2421 rae
1238 2364 1373 2422 vestrae
1396 2354 1640 2442 patefecerint,
1674 2380 1776 2448 spero
1796 2355 1865 2430 hoc
1893 2362 2052 2434 officinm
2082 2388 2145 2439 ve·

1157 2467 1269 2520 strum
1296 2454 1421 2523 studiis
1453 2456 1543 2525 meis
1568 2457 1764 2549 plurimum
1797 2454 2025 2559 profuturum
2060 2478 2145 2539 csse.

1155 2550 1316 2625 Reddidi
1339 2556 1433 2625 enim
1456 2552 1653 2648 Epistolam
1676 2575 1828 2631 vestram
1851 2556 2050 2662 Philippo,
2065 2570 2145 2662 ‘qui

1156 2651 1246 2725 mihi
1263 2680 1337 2727 nou
1353 2658 1467 2726 solum
1484 2659 1599 2729 officia
1616 2683 1678 2731 sua
1695 2662 1891 2734 liberaliter
1909 2668 2056 2753 detulit,
2081 2673 2144 2743 sed

1156 2759 1261 2827 etiam
1277 2771 1452 2844 vestrum,
1477 2760 1516 2828 in
1540 2761 1707 2835 iuvandis
1730 2763 1868 2835 civibus
1874 2818 1887 2852 ,
1913 2782 1948 2841 et
1972 2770 2143 2842 ornandis

1156 2859 1353 2951 disciplinis
1370 2861 1527 2930 studium
1544 2864 1647 2931 valde
1665 2866 1890 2956 praedicavit.

1257 2958 1380 3056 ltaque
1399 2986 1479 3049 cuin
1496 2957 1586 3032 mibi
1602 2960 1696 3034 nibil
1710 2968 1903 3057 optabilius
1925 2969 2144 3045 benevolen-

1155 3062 1203 3132 tia
1237 3077 1352 3132 vestra
1385 3064 1511 3148 tuerit,
1544 3080 1578 3137 et
1611 3070 1870 3140 commendatio
1902 3084 2018 3142 vestra
2052 3070 2143 3145 mibi

1155 3162 1349 3256 plurimum
1371 3165 1561 3256 profuerit,
1592 3168 1739 3258 gratiam
1766 3172 1868 3240 vobis
1892 3165 2007 3242 habeo
2024 3170 2143 3245 'inaxi-

1155 3290 1269 3350 mam,
1295 3279 1329 3335 et
1343 3266 1443 3336 omni
1459 3270 1688 3341 contentione
1706 3271 1841 3361 ingenii
1857 3273 2051 3358 enitar,'ut
2065 3300 2142 3347 mo-

1154 3392 1229 3452 res,
1254 3369 1491 3452 voluntatem,
1518 3384 1552 3439 et
1566 3370 1681 3440 studia
1705 3396 1782 3441 inea
1808 3376 1982 3466 probetis,
2008 3399 2142 3473 egoque

1155 3472 1199 3539 ad
1236 3484 1393 3539 vestrum
1434 3470 1609 3539 iudicium
1641 3472 1849 3544 universnm
1884 3476 1992 3547 vitam
2021 3472 2150 3550 'meam

1155 3595 1376 3661 componam.
1435 3566 1610 3640 Existimo
1646 3574 1741 3642 enim
1782 3598 1956 3646 summam
1998 3579 2140 3651 laudern

1155 3697 1227 3741 esse
1242 3671 1329 3741 boni
1346 3671 1450 3756 civis,
1475 3673 1612 3762 placere
1629 3674 1848 3767 amplissimo
1875 3679 1994 3749 ordini
2017 3680 2058 3751 in
2080 3706 2141 3774 pa·

1155 3774 1233 3844 tria.
1292 3771 1504 3844 Praesertim
1528 3789 1644 3844 autem
1669 3801 1749 3845 cnm
1776 3781 1948 3870 peculiari
1968 3782 2139 3855 beneficio

1155 3903 1174 3945 a
1198 3874 1300 3945 vobis
1323 3874 1479 3945 adtectus
1503 3874 1590 3965 sim,
1618 3876 1752 3948 maiore
1777 3904 1860 3950 cura
1886 3896 2067 3974 praestare
2081 3880 2140 3955 de·

1153 3978 1240 4060 beo,
1266 4000 1371 4070 quam
1389 3978 1514 4046 caeteri
1530 4001 1575 4045 ne
1592 3978 1704 4049 in'me
1719 3981 1897 4070 gratitudo
1912 3985 2140 4066 desideretur.

1154 4075 1315 4171 Cumque
1340 4078 1455 4148 studia
1477 4093 1598 4151 nostra
1621 4081 1666 4149 ad
1693 4104 1916 4155 communem
1949 4088 2138 4159 utilitatem

1155 4181 1308 4250 debeant
1331 4180 1472 4281 reterri,
1499 4176 1676 4272 pblliceor
1708 4207 1765 4253 me
1800 4186 1965 4258 daturum
1989 4174 2137 4281 'operam

1155 4282 1322 4352 omuibus
1340 4280 1494 4368 viribus,
1520 4298 1561 4355 ut
1578 4307 1618 4353 ex
1633 4284 1719 4353 meis
1743 4288 1870 4357 studiis
1891 4290 1979 4358 olim
2004 4282 2139 4389 aliqiid

1155 4384 1317 4455 utilitatis
1335 4385 1378 4452 ad
1394 4380 1584 4473 Rempubl.
1602 4389 1794 4476 perveniat.
2074 4384 2115 4417 '³'

1258 4484 1361 4553 Nunc
1379 4509 1462 4554 vero
1476 4486 1566 4555 illud
1582 4510 1644 4554 vos
1658 4491 1809 4559 orandos
1827 4515 1899 4561 esse
1921 4494 2025 4581 duxi,
2053 4518 2139 4590 quo-

1156 4587 1251 4656 niam
1275 4584 1371 4656 scitis
1394 4583 1485 4655 milii
1509 4588 1761 4679 patrimonium
1786 4608 1955 4683 pertenue
1979 4608 2073 4682 esse,
2102 4606 2139 4667 ut

1155 4690 1270 4780 siqua
1294 4688 1361 4757 erit
1382 4691 1518 4759 occasio
1540 4714 1596 4758 me
1621 4692 1786 4777 iuvandi,
1812 4696 2005 4789 aliquando
2032 4698 2139 4769 ratio-

1157 4815 1238 4858 nem
1260 4813 1358 4858 meae
1380 4790 1521 4882 inopiae
1542 4785 1710 4861 habeatis.
1762 4791 1825 4866 Est
1848 4797 1941 4865 enim
1955 4790 2139 4872 'honestis-

1157 4888 1286 4960 simum
1302 4892 1422 4976 vobis,
1443 4892 1534 4962 tueri
1549 4906 1581 4959 et
1596 4893 1717 4962 iuvare
1735 4894 1872 4979 literas,
1895 4922 2045 4991 quarum
2062 4896 2140 4995 qui-

1158 4994 1239 5062 dem
1262 4993 1502 5061 defensionem
1526 4990 1622 5064 Deus
1649 4995 1755 5065 etiam
1778 5003 1927 5070 summis
1955 5004 2140 5073 ordinibus

1160 5092 1431 5164 commendavit.
1484 5091 1603 5181 Quare
1624 5109 1666 5166 nt
1689 5093 1778 5167 mihi
1801 5103 1952 5194 quadam
1975 5126 2059 5173 cnm
2081 5124 2139 5197 spe

1160 5196 1199 5262 in
1215 5195 1346 5285 optima
1372 5195 1488 5264 studia
1509 5196 1664 5286 ingresso
1681 5223 1754 5268 nori
1771 5201 1862 5274 desit
1878 5217 1991 5273 vestra
2012 5206 2140 5276 libera-

1163 5296 1262 5381 litas,
1289 5321 1351 5365 vos
1370 5300 1473 5367 etiam
1489 5315 1593 5392 atque
1611 5301 1715 5371 etiam
1731 5327 1807 5378 oro,
1849 5302 2034 5377 Perficiam
2050 5309 2140 5379 enini
2180 5374 2185 5401 Ι
