4546 5760
130 198 244 271 *ss
366 130 1764 281 nersromnun,rumcronnnnnsomeronuu
1812 190 2046 277 mnxrv.
2167 192 2218 270 ss

179 382 182 387 ’
198 361 319 450 Quare
342 375 377 432 et
398 376 501 434 tuum
517 375 742 454 conspectum
756 375 792 432 et
807 358 986 430 eruditiss.
1003 379 1184 429 sermones
1235 368 1270 427 et
1289 379 1463 427 summam
1485 357 1683 442 doctrinae,
1711 385 1817 455 quam
1834 359 1930 434 Deus
1944 360 2123 436 Ecclesiae
2139 385 2225 434 suae

197 477 278 534 tuos
303 464 517 554 expetimus,
551 463 711 535 fortassis
726 475 767 532 et
789 485 855 532 nos
870 460 1005 554 aliquid
1022 459 1186 530 narrabi·
1236 457 1400 539 tradidit,
1426 458 1571 541 didicit,
1596 481 1770 555 speroque
1790 488 1872 534 enm
1896 465 1978 536 usui
2001 467 2077 536 fore
2096 460 2224 536 Eccle-

197 586 296 651 mus,
327 568 422 659 quod
447 567 536 638 scire
558 568 666 639 voles.
722 564 832 633 Valde
855 562 964 653 igitur
984 575 1019 633 te
1033 584 1187 642 oramus,
1236 559 1308 628 siae
1331 561 1401 630 Dei
1423 560 1462 629 in
1484 562 1601 654 operis
1621 556 1837 636 scholasticis
1859 580 1921 637 ant
1950 567 1988 635 in
2020 566 2224 669 ministerio

197 679 349 738 utnunc
362 668 407 737 ad
423 669 613 760 prandium
630 669 675 737 ad
692 691 756 737 uos
771 667 925 738 accedas.
952 663 1006 736 De
1024 665 1200 754 capreolo'
1236 658 1492 736 Ecclesiastico.
1554 659 1659 733 Tales
1680 669 1838 757 profecto
1861 692 1941 738 cum
1963 682 2048 739 sont
2069 667 2224 739 modesti

197 769 327 859 gratias
342 770 491 860 agimus.
542 770 614 843 Sed
630 792 748 840 coram
765 769 881 860 plura.
932 763 1007 839 Cal.
1026 765 1122 841 lulli.
1238 775 1273 833 et
1294 765 1388 854 pacis
1411 778 1585 844 amantes,
1624 768 1880 858 complectendi
1902 784 1939 869 ‘l
1956 770 2104 841 iuvandi
2128 783 2260 856 sunt,·

266 877 271 885 “
760 864 765 881 ’
885 864 1086 962 Philippus.
1238 877 1277 935 ut
1299 865 1393 935 tilius
1408 865 1475 936 Dei
1497 867 1631 961 inquit:
1659 869 1718 938 cui
1732 871 1788 939 vel
1807 871 1955 960 trigidae
1970 895 2082 965 aqtsae
2097 884 2226 964 potum

185 1284 189 1293 ·
208 1236 279 1312 No.
293 1238 406 1312 7020.

201 1332 415 1376 Μ

1039 1240 1188 1369 ¹Q'

467 1441 703 1552 Magistro
722 1439 913 1565 'oanan
987 1550 990 1555 Ι

263 1606 285 1667 ι.
303 1601 340 1654 n
353 1568 523 1724 asinaspi>
535 1599 945 1664 natantianatantia.
961 1600 1188 1659 vnnrnnss.

187 1688 190 1693 ·
297 1670 456 1743 descriptas
490 1670 546 1728 .V.
558 1669 697 1725 Sebasteia.

187 1902 194 1910 ,
223 1823 448 1912 Eruditione
473 1836 504 1896 et
531 1824 660 1897 virtute
684 1828 896 1922 praestanti
917 1823 973 1901 M
979 1792 1161 1924 agistro
1190 1878 1201 1890 .

486 1922 655 1999 Otman
683 1929 895 2003 amicosao.

197 2064 245 2155 S.
271 2079 319 2148 D.
367 2077 492 2149 Laudo
508 2091 604 2148 tuam
623 2077 807 2169 pietatem,
828 2094 862 2151 et
877 2083 943 2150 deo
961 2092 1094 2170 gratam
1111 2102 1184 2149 esse

1238 967 1302 1036 uni
1324 984 1365 1036 ex
1384 964 1727 1051 minimis‘meomm
1748 972 1930 1043 doctrinae
1951 974 2103 1043 tuendae
2119 995 2225 1045 causa

1238 1069 1355 1145 dabit,
1379 1069 1575 1140 mercedem
1600 1070 1757 1162 accipiet.
1809 1071 1978 1166 Inprimis
1999 1088 2117 1144 antem
2137 1075 2225 1144 uni-

1239 1192 1357 1240 versae
1371 1164 1559 1241 hominum
1572 1171 1665 1242 vitae
1676 1174 1827 1245 salutare
1842 1190 1910 1256 est,
1935 1177 2113 1268 principes
2126 1176 2225 1246 viros

1238 1265 1437 1367 doctiinam
1451 1275 1634 1343 coelestem
1648 1274 1841 1367 inquirere,
1856 1277 2054 1368 intelligere
2069 1289 2102 1348 et
2116 1277 2226 1352 tueri.

1239 1372 1361 1462 Quare
1382 1396 1464 1443 cum
1489 1375 1631 1444 audiam
1654 1377 1824 1447 celebrari
1846 1379 2053 1451 excellentes
2074 1378 2226 1449 virtutes

1237 1488 1335 1561 tuas,
1361 1487 1465 1567 teque
1486 1477 1603 1545 lavere
1623 1477 1693 1569 piis
1714 1480 1841 1549 studiis
1858 1479 2073 1564 existimem,
2099 1493 2133 1551 te
2147 1503 2226 1566 oro,
2244 1475 2265 1560 s

1237 1589 1279 1646 ut
1306 1570 1391 1646 huic
1412 1572 1602 1663 Andreae,
1639 1581 1857 1671 confugienti
1887 1585 1931 1651 ad
1962 1595 1995 1651 te
2019 1595 2226 1673 patronum,

1238 1700 1313 1747 non
1336 1678 1440 1752 desis.
1492 1675 1591 1771 Opto
1618 1680 1723 1750 etiam
1748 1695 1789 1753 ut
1813 1683 1891 1752 luce
1914 1678 2224 1753 verae‘doctrinae

1221 1792 1358 1870 pectus
1374 1793 1474 1850 tunm
1488 1777 1585 1852 Deus
1599 1785 1766 1875 accendat
1781 1799 1815 1856 et
1829 1797 1934 1876 regat,
1961 1797 2003 1854 ut
2016 1797 2076 1854 tna
2091 1785 2225 1873 guber-

1236 1881 1334 1950 natio
1360 1882 1426 1950 tibi
1450 1894 1485 1951 et
1506 1883 1586 1952 aliis
1608 1885 1653 1955 sit
1676 1885 1850 1959 salutaris.
1901 1885 2103 1956 benevale.
2155 1882 2226 1956 Die

1235 1981 1311 2050 divi
1328 1981 1523 2053 Laurentii.
2129 2006 2132 2011 ·

196 2205 271 2250 non
295 2181 439 2264 dubito,
472 2180 566 2272 quod
595 2179 701 2249 etiam
723 2181 801 2252 istic
823 2180 991 2254 Ecclesiis
1015 2182 1182 2266 consulis,
1249 2234 1252 2241 φ

198 2296 233 2353 et
253 2307 325 2350 non
348 2282 463 2350 solum
485 2282 658 2351 elementa
681 2282 881 2367 literarum,
912 2288 972 2354 sed
995 2284 1101 2353 etiam
1116 2287 1182 2353 do·

197 2385 345 2454 ctrinatn
372 2384 510 2474 pietatis
531 2382 642 2452 tradis
665 2383 851 2459 iuventuti.
901 2384 971 2455 Hic
985 2379 1182 2454 Baldasa-

177 2521 180 2527 ,
198 2502 260 2553 ans
284 2507 507 2554 communem
524 2481 702 2553 Ecclesiae
726 2489 923 2558 doctrinam
941 2489 1031 2557 hene
1046 2487 1181 2557 didicit.

196 2586 282 2656 ldeo
305 2586 450 2677 publico
471 2586 545 2656 ritu
567 2586 825 2658 sanctissimum
851 2589 1089 2661 ministerium
1112 2584 1183 2657 Ec-

2063 2302 2120 2365 28.
2134 2294 2227 2362 Febr·

2059 2385 2226 2413 *m

1551 2451 1619 2536 Io.
1645 2450 1903 2542 Praetorio.

1316 2689 1319 2694 Ι
1334 2608 1422 2680 Epist.
1440 2610 1488 2668 tas.
1503 2609 1535 2668 v.
1554 2596 1582 2681 p.
1598 2606 1650 2663 144
1661 2630 1704 2684 sq.

1232 2281 1427 2409 Q.

195 2689 321 2758 clasiae
344 2688 374 2755 ei
396 2689 682 2757 commendatum
704 2701 766 2762 est.
825 2689 878 2761 Te
903 2692 972 2761 iam
995 2691 1032 2757 in
1055 2690 1183 2759 itinere
1230 2696 1234 2705 '

198 2814 271 2859 esse
286 2790 542 2875 arbitrabatur3
568 2801 682 2861 cetera
700 2789 809 2880 igitur
822 2818 952 2865 coram.
979 2790 1076 2861 Beue
1094 2792 1182 2864 vale.

197 2895 255 2961 die
275 2888 333 2963 15.
350 2889 473 2983 Septb.

185 3012 189 3021 ·
702 2989 1133 3086 PhilippusMelanthnn.

198 3360 263 3430 No‘.
280 3360 391 3435 7021.

197 3459 397 3488 m

1024 3376 1080 3435 10.
1100 3371 1184 3451 Aug.

1007 3459 1177 3489 m

550 3568 618 3658 Io.
648 3567 829 3683 Piryni.

267 3729 290 3799 †
311 3729 349 3784 Er
364 3729 520 3802 apographo
534 3731 562 3784 in
577 3730 641 3786 cod.
655 3728 741 3785 Pacis.
756 3729 793 3787 D.
807 3732 840 3786 L.
852 3731 913 3799 543.
1015 3721 1022 3729 ⁴

199 3883 355 3959 Illastri
374 3899 406 3960 et
419 3881 630 3986 Magnifica
648 3883 836 3968 Domino,
869 3883 1084 3960 Iohanni
1105 3882 1186 3960 Pi-

201 4015 219 4057 r
223 3991 310 4086 yni
324 3985 382 4081 ll),
414 3986 625 4064 Nobilitate
649 3996 681 4057 et
705 3986 833 4060 virtute
852 3989 1084 4086 praestanti,
1104 3990 1185 4086 'pa-

513 4098 701 4161 tronosno
716 4088 876 4177 colendo,
938 4086 969 4148 -‘

199 4224 247 4316 S.
273 4240 318 4312 D.
343 4326 346 4331 Ι
370 4215 523 4311 lllustris
537 4253 571 4309 et
586 4222 775 4329 Magnifice
791 4239 956 4331 Domine.
987 4237 1186 4316 Rediturus

198 4344 237 4410 in
252 4342 474 4412 Pannoniam
490 4336 547 4410 hic
558 4335 727 4432 Andreas
743 4342 982 4412 testimonium
998 4368 1016 4410 a
1033 4369 1088 4412 me
1103 4367 1184 4416 suae

200 4445 407 4532 diligentiae
431 4446 469 4513 in
490 4444 616 4532 studiis
640 4457 679 4515 et
696 4444 887 4513 modestiae
911 4445 949 4513 in
965 4444 1125 4515 moribus
1140 4452 1182 4517 ad

97 4628 103 4635 ,
200 4561 235 4615 te
260 4546 490 4614 adserendum
514 4567 587 4613 esse
609 4544 761 4636 putavit,
789 4548 883 4638 quod
907 4558 999 4615 certe
1021 4550 1184 4637 prodesse

201 4648 232 4716 ei
249 4663 342 4737 opto.
395 4645 483 4716 Nam
504 4661 537 4716 et
552 4652 677 4717 natu‘r'a
693 4647 737 4715 ad
757 4646 951 4732 iusticiam,
974 4649 1182 4718 modestiam

201 4761 236 4818 et
253 4748 484 4817 constantiam
503 4749 540 4816 in
555 4749 654 4827 omni
678 4748 793 4816 officio
815 4748 947 4817 factum
973 4770 1047 4819 esse
1065 4751 1184 4819 anim-

201 4850 355 4934 adverti,
403 4863 435 4917 et
476 4865 624 4918 naturae
660 4851 754 4919 hona
795 4850 996 4919 eruditione
1034 4853 1182 4923 cultiora

187 4950 294 5026 tecit.
349 4947 548 5040 Diligenter
566 4952 663 5019 enim
686 4965 721 5022 et
741 4950 913 5023 elementa
936 4947 1183 5048 philosophiae

199 5118 412 5139 μ...-

236 5204 422 5275 ⁴)Perents?
445 5230 480 5244 -
516 5202 940 5274 ltd.ep.t.27.ttsn.1ss⁵.
983 5205 1091 5263 Nomen
1109 5211 1182 5266 idem

270 5292 327 5327 esse
342 5272 457 5327 sidetur.
502 5270 616 5326 lltustris
637 5282 694 5328 erat
709 5275 758 5329 illo
779 5285 904 5346 tempore
920 5275 1022 5348 tansitis
1039 5278 1182 5335 Nobilium

266 5341 373 5413 Pcrsny
387 5339 416 5396 in
429 5340 575 5413 llungsris.

1334 2763 1515 2873 Ioanni
1538 2759 1806 2857 Praetorio,
1832 2767 2108 2874 (Vratislavii.)

1235 2902 1283 2990 S.
1307 2913 1353 2991 D.
1403 2913 1616 2986 Venerande
1632 2916 1699 3002 vir,
1725 2930 1760 2987 et
1775 2915 1979 2991 charissime
1993 2904 2112 3001 trater.
2147 2925 2229 3002 Do-

1236 3021 1347 3101 lores,
1371 3017 1522 3107 gemitus
1543 3031 1577 3087 et
1599 3033 1680 3089 vota
1704 3044 1781 3088 mea
1798 3025 1922 3093 vestris
1940 3038 1974 3093 et
1988 3027 2173 3102 doloribus
2191 3046 2229 3105 et

1235 3120 1328 3189 votis
1351 3120 1519 3207 adiungo.
1570 3117 1612 3190 si
1632 3143 1767 3211 possem
1783 3124 1889 3192 etiam
1904 3128 2037 3196 mederi
2054 3130 2227 3203 offensio·

1237 3223 1363 3305 nibus,
1386 3243 1476 3313 quae
1491 3222 1585 3311 apud
1603 3245 1666 3289 vos
1689 3221 1912 3311 inciderunt,
1938 3228 2099 3300 lacerem.
2151 3232 2228 3306 Sed

1237 3346 1352 3417 neque
1376 3345 1517 3391 caussae
1531 3325 1647 3391 sontes
1661 3325 1761 3404 novi,
1797 3351 1913 3420 neque
1927 3353 1983 3398 me
2000 3329 2152 3403 iudicem
2170 3336 2226 3406 fa-

1237 3427 1302 3494 cio.
1353 3423 1393 3495 si
1417 3425 1504 3516 quid
1527 3436 1645 3494 tamen
1670 3448 1812 3516 possea
1836 3455 1894 3511 me¹
1908 3429 1983 3500 beri
1998 3433 2227 3524 existimabis,

1236 3527 1442 3617 significato.
1491 3556 1494 3561 ·
2005 3542 2011 3554 ‘

1339 3626 1441 3695 Nunc
1464 3637 1498 3694 te
1515 3649 1599 3705 oro,
1624 3639 1664 3696 ut
1682 3629 1868 3714 mendico,
1894 3625 2067 3703 Iohanni
2080 3631 2117 3706 T
2114 3633 2225 3737 scisep

1238 3724 1444 3810 Olaviensi,
1472 3727 1534 3818 qui
1550 3728 1691 3812 fuit'in,
1718 3730 1944 3826 nescioquo,
1971 3737 2224 3828 collegio-Mo·

1237 3824 1449 3912 nachorum,
1476 3828 1570 3897 idola
1593 3830 1802 3915 colentium,
1827 3849 1861 3903 et
1882 3859 1977 3905 nunc
1989 3837 2104 3909 Deum
2130 3858 2225 3915 recte

1238 3934 1402 4016 invocare
1419 3930 1541 4015 discit,
1562 3931 1687 4022 stipem
1704 3935 1857 4022 colligas.
1910 3936 2042 4026 Spero,
2062 3944 2146 4012 usui
2161 3948 2222 4015 tn-

1238 4049 1357 4105 turum
1383 4054 1456 4100 esse
1477 4029 1516 4102 in
1542 4036 1700 4102 docenda
1724 4032 1879 4106 Ecclesia
1909 4039 2050 4114 alicubi.
2111 4043 2221 4118 Mitto

1238 4136 1339 4206 vohis
1352 4134 1516 4226 pagellas,
1542 4159 1690 4227 quarum
1705 4137 1891 4207 lectionem
1909 4163 2012 4230 spero
2029 4144 2130 4215 vobis
2148 4170 2220 4218 non

1236 4238 1417 4305 insuavem
1434 4236 1521 4303 fore.
1561 4235 1659 4306 Bene
1673 4237 1761 4308 vale.
1800 4239 1867 4310 Die
1883 4240 1945 4312 28.
1963 4240 2068 4318 Febr.
2101 4244 2220 4320 Reve-

1235 4340 1356 4408 rendo
1379 4338 1474 4420 viro,
1517 4335 1673 4407 Domino
1692 4335 1853 4412 Musaeo
1874 4356 1909 4413 et
1930 4346 2031 4415 vohis
2053 4351 2221 4421 omnibus

1234 4441 1496 4530 salutemopto.
1588 4515 1598 4526 ,

1969 4540 2172 4642 Philippus.
2197 4556 2200 4560 ’

1243 4878 1311 4953 Νο.
1326 4874 1436 4948 7025.

1235 4975 1445 5007 m
1508 5044 1659 5130 Paulo
1689 5044 1943 5132 baeturia.

1302 5209 1340 5263 Er
1358 5217 1466 5277 autogr.
1484 5207 1512 5259 io
1531 5202 1595 5259 cod.
1616 5202 1688 5260 Seid.
1709 5206 1810 5261 Dresd.
1834 5204 1904 5259 edita
1922 5205 1951 5261 in
1970 5208 2067 5279 Progr.
2087 5211 2110 5268 l.
2133 5216 2217 5285 Wag-

1334 5279 1438 5422 p'cbppp.
1457 5293 1500 5347 ep.
1511 5274 1537 5331 6.
1572 5273 1729 5332 laverimus
1745 5275 1922 5348 apographon
1943 5275 1971 5331 in
1985 5281 2049 5335 eod.
2063 5281 2158 5340 diebu.
2171 5284 2218 5344 ll'.

2049 4886 2220 5012 aaa
