4546 5760
133 150 211 231 607

133 326 204 397 No.
217 327 304 400 208.

142 425 316 452 Μ·

871 336 1008 449 ,24.Ιευ.
1027 346 1124 416 1544.

887 440 1127 501 m

204 544 321 625 uictredo
332 543 441 631 pubiiqe
454 544 531 602 affixa
551 550 587 601 de
600 546 715 614 Eeltpsi,
736 550 809 622 apud
822 552 952 615 vineant.
970 576 997 630 p,
1018 558 1062 613 71,
1082 559 1123 616 10.

220 625 312 684 ¹gitur
331 634 360 671 ru
379 625 459 683 epist.
472 616 539 671 Met.
553 618 616 674 vot.
632 618 664 671 V.
680 638 709 692 p.
721 618 782 675 892.

144 951 213 1023 Νο.
229 954 315 1026 209.

132 1050 335 1084 Μ

952 989 999 1028 an.
1016 967 1109 1033 1544.

942 1059 1114 1086 Μή

199 1173 282 1243 Apud
300 1169 429 1226 Vincerat.
447 1184 472 1240 p.
485 1165 528 1225 45.

187 1334 250 1404 De
270 1306 310 1405 ’3.
336 1328 543 1402 rosanae
568 1331 819 1424 Baptista,
853 1334 1060 1410 iambicum

507 1432 732 1507 Dimetrum.

275 1582 283 1597 '
339 1582 494 1656 Aeterno
510 1581 640 1670 gratias
656 1584 748 1673 patri

283 1684 423 1758 Omnes
437 1696 566 1753 canant
582 1676 770 1769 Ecclesiae,
875 1719 879 1728 ·

282 1789 390 1881 Quod
409 1784 579 1854 nuncium
595 1784 695 1853 verbi
711 1787 766 1853 sni

281 1886 478 1960 Iohannem
495 1885 599 1954 nobis
615 1885 761 1960 miserit.

334 1989 404 2060 Hic
418 2009 535 2057 mores
551 1986 631 2055 exui
646 1988 758 2056 malos

157 2085 165 2094 ⁸
278 2091 404 2173 lussit,
429 2102 596 2180 metuque
611 2086 741 2158 Iudicis

276 2193 365 2266 Mox
382 2189 539 2260 adfuturi
554 2190 679 2258 terruit

277 2293 456 2384 Superbas
470 2303 604 2360 mentes
618 2290 790 2365 omnium.

329 2392 540 2486 Rursusque
557 2393 734 2483 perculsos
748 2404 869 2483 metu,'

275 2496 320 2569 ln
336 2517 433 2591 spem
447 2493 540 2564 vitae
557 2507 685 2563 certam
702 2508 814 2575 vocat,

273 2596 324 2671 Et
340 2608 514 2668 monstrat
528 2618 657 2684 agnum
676 2592 787 2685 digito

276 2699 351 2790 Qui
365 2699 481 2790 placat
495 2697 622 2766 unicus
635 2695 762 2769 Deum.

328 2798 426 2870 Haec
443 2798 504 2866 ille
519 2797 621 2867 firmo
637 2812 777 2889 pectore

272 2897 403 2985 Docet,
429 2912 463 2969 et
477 2893 659 2971 Christum
676 2901 855 2991 praedicat

190 3084 194 3092 1
271 3001 426 3085 Venire,
450 3023 513 3071 cen
528 2999 648 3071 Solem
664 3025 809 3087 novum,
927 3065 937 3083 ,

271 3102 423 3174 Prodire
440 3125 566 3171 aurora
583 3102 741 3177 nunciat,

324 3203 399 3274 Nec
414 3198 595 3273 Pharisaei
610 3203 775 3295 spiritum

169 3368 173 3375 ,
271 3304 469 3395 Fregerunt
484 3303 663 3397 ingentem
680 3304 761 3388 viri,

236 3452 246 3475 .
269 3402 395 3476 Helias
411 3405 501 3474 alter
512 3401 572 3474 hic
586 3406 665 3488 suit,

271 3505 485 3603 Hypocritas
501 3519 585 3577 tunc
600 3503 725 3597 arguit.

324 3607 378 3680 Te
394 3625 530 3678 summa
545 3622 708 3696 rogamus
724 3619 833 3700 pater,
931 3638 934 3643 ¹

266 3707 318 3784 Ut
333 3712 439 3780 corda
456 3722 576 3789 nostra
593 3707 748 3791 suscites,

185 3835 187 3839 ’
267 3808 318 3884 Ut
332 3836 414 3882 vere
428 3811 566 3904 possint
580 3809 721 3880 credere

265 3908 439 3985 Iohannis
451 3910 665 4004 testimonio.

111 4264 283 4391 Q

180 4482 260 4556 Apud
280 4481 409 4540 vincent.
425 4496 454 4552 p.
464 4476 500 4533 46
515 4495 559 4551 sq.

282 4642 344 4713 De
365 4641 492 4713 Murio
517 4624 699 4711 visitante
721 4637 925 4733 numus.

316 4787 471 4862 Aeterne
485 4790 615 4881 gratias
629 4791 697 4860 tihi

262 4885 435 4967 Dicamus
450 4890 574 4962 ornnes
589 4894 779 4991 eonditor,⁴

262 4996 371 5085 Quod
389 4995 482 5063 iuter
497 4988 614 5063 hostes
630 4994 803 5086 plurimos

260 5093 455 5168 Ecclesiam
470 5116 589 5164 servas
603 5108 731 5169 tamen.

309 5194 359 5268 Ut
372 5197 383 5264 i
387 5208 465 5266 nter
478 5217 575 5265 arma
591 5197 752 5286 gentium

259 5297 435 5384 Herodis,
459 5310 495 5371 et
509 5298 689 5386 satellites,

832 157 1154 245 CARMINUM
1204 169 1310 247 LIB.
1335 173 1414 252 ΙΙΙ.

1329 349 1496 448 Interque
1510 371 1617 430 tetros
1634 366 1839 456 dogmatum

1329 451 1503 545 FuroreS,
1529 477 1563 531 et
1582 466 1719 538 deliria.

1348 586 1351 592 ’
1378 557 1504 629 Servus
1522 562 1675 636 Mariam
1691 573 1881 661 uirginem:

1327 653 1554 756 Domumque
1569 685 1682 738 castae
1698 669 1896 764 Elisabeth,

1330 757 1429 847 Quae
1445 769 1649 853 praedicant
1666 798 1797 846 munus
1816 795 1917 852 tunm

1323 859 1525 958 Datumque
1539 865 1721 942 Christum
1737 884 1921 958 nunciant.

1377 960 1458 1033 Non
1476 967 1639 1042 Pontifex
1656 1000 1729 1046 uon
1747 980 1928 1080 Princeps,

1325 1060 1405 1133 Etsi
1421 1069 1535 1141 sciunt
1550 1079 1692 1146 oracula

1328 1163 1475 1254 Vatum,
1501 1176 1638 1245 vertisse
1653 1201 1826 1255 noverant

1324 1263 1456 1339 Salutis
1472 1271 1656 1347 authorem
1672 1306 1794 1356 novae.

1378 1370 1449 1441 Sed
1467 1375 1580 1446 dulcis
1594 1373 1679 1450 haec
1697 1381 1891 1471 Elisabeth,

1322 1468 1370 1541 Et
1384 1473 1532 1562 virginis
1550 1486 1747 1570 congressio

1323 1568 1462 1645 Arcana
1481 1583 1611 1668 promit
1628 1589 1772 1655 caeteris

1323 1670 1416 1743 Vere
1433 1679 1549 1748 Deum
1568 1685 1774 1760 colentibus.

1375 1775 1539 1875 Alvoque
1558 1785 1669 1855 foetus
1686 1788 1851 1862 conditus
1953 1849 1956 1854 -

1320 1872 1445 1968 Longo
1463 1886 1682 1956 sacerdotnm
1698 1895 1830 1979 agmini

1320 1977 1490 2067 Agnoscit
1505 1985 1665 2074 ignotum
1680 1993 1817 2073 ducem,

1320 2073 1457 2153 Adorat
1472 2099 1503 2155 ct
1519 2101 1617 2174 gestu
1634 2116 1708 2161 suo.

1372 2181 1469 2254 Haec
1484 2190 1597 2279 prima
1615 2197 1771 2287 synodus
1787 2203 1865 2289 snit,
1941 2230 1945 2237 ‘

1319 2278 1460 2357 Testata
1477 2291 1520 2357 de
1537 2288 1678 2364 Christo
1696 2300 1796 2381 duce,

1300 2380 1512 2481 -Posrquam
1529 2406 1660 2466 statuto
1674 2412 1831 2493 tempore

1317 2483 1477 2560 Verbum
1494 2490 1609 2565 Patris
1625 2498 1754 2572 factum
1771 2521 1820 2578 est
1837 2509 1943 2592 Caro.

1369 2584 1526 2663 Accensa
1545 2599 1755 2673 testimoniis

1312 2683 1355 2760 In
1373 2695 1478 2762 corde
1494 2711 1615 2768 nostro
1630 2704 1771 2794 talibus,

1218 2815 1221 2820 ·
1313 2788 1418 2863 Colat
1433 2796 1519 2864 fides
1531 2813 1566 2868 et
1580 2800 1721 2877 invocet

1313 2886 1495 2964 Christum
1513 2896 1649 2971 Mariae
1668 2908 1791 2984 filium.
1816 2906 1819 2912 ’

1366 2989 1553 3090 Opemque
1569 3024 1630 3092 spe
1647 3006 1746 3081 firma
1762 3033 1869 3105 petat,

1310 3090 1534 3191 Missumque
1548 3108 1669 3195 credat
1685 3134 1706 3179 a
1722 3113 1840 3204 Patre,

1311 3191 1360 3265 Ut
1374 3196 1578 3287 invocantes
1587 3209 1735 3293 ¹adiuvet

1310 3294 1488 3395 Malisque
1505 3310 1640 3379 cunctis
1656 3312 1793 3393 liberet.

1988 3735 2034 3778 sn.
2049 3715 2069 3779 1.

1999 3811 2069 3837 Qu

1222 3883 1388 3970 Grutntqtio
1401 3888 1534 3976 coniugii,
1553 3910 1621 3970 qnae
1634 3902 1706 3972 apncl
1720 3901 1802 3965 vinc
1814 3931 1842 3985 p.
1852 3918 1911 3976 177.
1924 3901 1960 3974 le⁸
1970 3923 2025 3981 itur
2052 3947 2069 3983 s

1254 3951 1399 4043 Strgetquru
1409 3971 1510 4034 scripta
1522 3975 1579 4037 cst,
1600 3975 1628 4022 et
1640 3970 1741 4043 legitur
1753 3980 1785 4031 itt
1798 4001 1859 4060 epp.
1874 3987 1935 4046 Vol.
1950 3943 1983 4050 ΙΙ.
1998 3962 2069 4070 ph!

1982 4345 2069 4410 autc

1991 4434 2069 4462 W

1220 4505 1321 4639 Veqqqs
1328 4510 1536 4656 x'qu'St4iquiium
1555 4521 1594 4592 <rt
1616 4536 1680 4586 sunt
1694 4527 1900 4612 Mehuthouis)
1914 4543 1973 4604 rid.
1984 4548 2014 4605 in
2024 4550 2069 4625 epis

1156 4773 2069 4837 *Ἣ

1148 4914 1214 4992 Νο.
1229 4918 1318 4993 213.

1154 5013 1326 5048 Μ

1387 5052 1391 5059 ι

1990 4973 2069 5038 uon

2000 5064 2069 5090 W

1215 5135 1298 5208 Apud
1310 5137 1447 5222 ‘Vipeent
1465 5150 1493 5216 p.
1504 5145 1546 5204 9¹.
1581 5149 1686 5237 qugr.
1707 5159 1736 5215 in
1753 5162 1822 5222 cod.
1835 5165 1924 5231 Goth.
1941 5177 1984 5240 19.
2002 5182 2069 5256 pat

1247 5206 1320 5260 Dedi
1339 5208 1382 5264 hie
1401 5229 1515 5270 armen
1535 5229 1565 5272 ut
1584 5221 1684 5294 legitur
1704 5234 1776 5303 apud
1793 5237 1922 5298 vincent.
1946 5261 1975 5303 et
1994 5251 2069 5310 inem

1248 5274 2069 5453 {castitati..trituratores0¹:32
