4546 5760
105 204 187 278 lli

716 194 1133 294 QUAESTIONES
1152 194 1560 275 'Acsuautcau

2083 194 2159 273 118

107 384 189 448 'esse
212 375 424 447 incisionem
436 370 474 469 ⁸)
494 377 624 447 factam
650 400 692 447 eo
707 358 992 468 tempore,·cum
1006 371 1112 444 Luna
1160 367 1395 451 offensiones,
1424 394 1498 440 non
1514 371 1629 442 solum
1645 371 1728 467 quia
1748 371 2000 467 inpraesentia
2016 386 2158 457 nocent,

105 488 206 548 ‘esset
236 479 275 547 in
301 480 423 568 signo,
461 480 558 573 quod
585 478 841 549 dominabatur
859 477 914 547 illi
938 477 1110 547 membro.

106 576 271 652 ¹l’ossunt
284 581 355 650 alia
368 581 481 652 multa
495 581 626 671 colligi.
677 579 748 653 Sed
764 581 884 650 desero
895 575 988 650 hanc
1003 602 1111 671 quae·

107 682 270 754 suonam
291 684 476 753 advirum
502 682 766 767 doctissimum,
797 695 975 752 versatum
1004 680 1111 750 etiam

111 784 152 855 in
174 784 428 870 Astronomia,
462 782 729 876 praeceptorem
746 809 883 869 meum,
915 782 1111 853 Dominum

112 887 311 961 Ductorem
326 879 566 972 Milicltiam,
592 910 631 956 ac
652 909 757 976 rogo,
781 886 1030 980 utaliquando
1044 908 1110 955 no-

106 990 170 1063 ·bis
186 990 333 1083 copiose
355 985 448 1060 hanc
464 989 741 1060 controversiam
761 989 930 1082 explicet,
957 1011 997 1057 ac
1015 985 1111 1056 diiu-

104 1092 223 1165 dicet.
273 1092 370 1169 Dixi.

869 1459 921 1526 16.
930 1457 1009 1522 Nor.
1020 1456 1114 1521 1536.

895 1549 1106 1586 Μ

188 1656 223 1741 ln
243 1651 404 1723 Quaestion.
423 1670 450 1723 p.
467 1652 501 1705 28
515 1670 590 1741 sqq.¹

113 1821 324 1895 Sententia
341 1819 583 1908 Hippocratis
595 1818 638 1885 ia
652 1822 761 1886 seato
779 1811 968 1908 apicem„-
993 1810 1114 1884 Labor

116 1920 298 1995 artiaulis
313 1928 352 1991 et
369 1922 477 1990 carni
491 1915 669 2010 prodest,
694 1914 796 1989 sidtu
809 1940 891 1989 cero
908 1926 945 1989 et
960 1936 1114 1988 somnus

114 2018 345 2111 maeatas,
378 2022 575 2114 explicata
601 2043 625 2092 a
651 2018 952 2092 Doct.1acobo
977 2020 1114 2092 Mili·

116 2124 252 2212 altio,
287 2147 350 2196 aa.
372 2120 481 2197 1536.
501 2120 537 2195 d.
559 2120 616 2199 16.
630 2125 723 2197 Nou.
741 2130 939 2195 comesset
956 2129 1114 2193 ornatas

260 2222 471 2324 insignibus
485 2228 664 2299 Doctoris
677 2230 776 2299 amis
788 2225 976 2299 Medicas.

106 2374 235 2461 ¹Initio
258 2402 403 2473 precor,
437 2392 478 2449 ut
500 2375 597 2449 Deus
618 2379 775 2471 optimus
800 2380 975 2448 maximus
999 2380 1114 2449 faveat

117 2481 289 2577 auspiciis
303 2475 411 2551 huius
424 2481 495 2550 mei
510 2475 658 2550 honoris
672 2505 713 2551 ac
726 2482 966 2573 professionis.
1021 2480 1113 2553 Nam

116 2610 201 2661 cum
217 2583 381 2661 omnium
395 2584 592 2674 sapientum
607 2583 1114 2655 testimoniisdivinitusmon-

117 2701 232 2761 mata
252 2685 299 2756 sit
322 2708 380 2756 ars
401 2685 588 2770 medendi,
622 2688 814 2778 petendum
837 2698 889 2756 est
911 2710 931 2754 a
952 2685 1048 2770 Deo,
1073 2701 1114 2758 ut

118 2792 197 2885 ipse
212 2801 350 2859 mentes
363 2812 404 2857 ac
418 2810 544 2855 manus
558 2789 732 2858 artificum
742 2789 925 2877 gubernet.
973 2784 1113 2859 Deinde

117 2891 293 2990 qnoniam
317 2890 505 2961 autoritate
528 2891 663 2980 publici
681 2892 792 2960 moris
817 2890 856 2959 in
872 2887 939 2961 hoc
955 2889 1034 2961 loco
1051 2894 1113 2961 de-

116 3007 257 3069 cretum
272 2992 418 3099 aliquod
435 3005 576 3063 nostrae
593 2993 679 3063 artis
692 2993 941 3086 explicandum
955 3008 1027 3080 est,
1053 3018 1123 3086 pe·-

117 3114 157 3173 to
171 3109 213 3169 ut
227 3096 369 3169 veniam
383 3093 476 3165 detis
488 3095 643 3164 orationi
657 3119 775 3180 meae,
800 3120 889 3189 quae
905 3120 980 3165 non
996 3100 1040 3168 ad
1056 3099 1111 3167 in-

118 3198 220 3294 genii
241 3196 516 3290 ostentationem
538 3196 699 3268 instituta
714 3211 782 3282 est,
811 3200 871 3267 sed
888 3212 929 3268 ut
942 3200 1114 3270 laudatis·

117 3304 232 3375 simae
246 3299 497 3370 consuetudini
518 3323 594 3368 mos
615 3313 805 3389 gereretur.
858 3298 981 3394 ltaque
998 3326 1113 3395 neque

117 3403 309 3477 materiam
324 3402 459 3493 sumpsi
474 3403 668 3473 admodum
686 3402 830 3488 exilem,
855 3403 894 3473 in
915 3427 985 3498 qua
999 3404 1114 3475 admi-

119 3507 300 3581 rationem
320 3505 455 3595 ingenii
479 3518 619 3596 captare
634 3527 790 3596 possem,
815 3507 876 3575 sed
894 3505 1016 3579 adsero
1032 3529 1114 3576 sen-

118 3608 269 3684 tentiam
290 3621 429 3700 aptam,
457 3619 499 3677 ut
522 3607 702 3693 existimo,
733 3602 817 3678 huic
845 3611 1042 3693 auditorio,
1075 3609 1114 3679 in

120 3735 194 3808 quo
216 3709 383 3780 iuventus
403 3705 550 3779 honoris
580 3710 695 3779 nostri
725 3735 848 3792 causa,
889 3715 1015 3786 usitata
1042 3712 1114 3783 fre-

117 3811 267 3910 quentia
283 3811 460 3884 convenit.
511 3810 607 3882 Duxi
622 3812 717 3882 enim
730 3828 951 3907 praeceptum
969 3819 1116 3911 aliquod

120 3940 166 3988 ex
179 3914 327 4007 optimis
341 3916 526 3985 autoribus
540 3929 680 3984 nostrae
695 3917 781 3986 artis
795 3919 1014 3990 recitandum
1030 3945 1116 4006 esse,

120 4016 221 4114 quod
247 4030 283 4087 et
303 4017 407 4087 facile
429 4016 627 4106 intelligere
651 4019 816 4089 iuventus
835 4036 967 4111 posset,
994 4039 1026 4094 et
1043 4049 1114 4117 quo

118 4119 324 4204 admonita,
350 4119 590 4189 valetudinem
604 4121 808 4210 diligentius
822 4135 991 4196 tueretur.
1033 4123 1115 4213 Qua

119 4225 161 4295 in
186 4245 225 4292 re
246 4221 384 4292 utinam
401 4217 460 4306 bi,
486 4222 602 4315 quiin
626 4223 753 4294 studiis
771 4224 954 4297 literarum
971 4252 1115 4298 versan-

119 4341 200 4410 tur,
232 4324 475 4414 diligentiores
504 4340 638 4409 essent,
671 4326 756 4419 quia
785 4327 825 4396 in
857 4331 958 4400 nullo
988 4340 1116 4421 genere

121 4428 216 4500 vitae
229 4427 340 4516 magis
351 4450 441 4517 opus
457 4440 507 4497 est
522 4428 766 4500 incolumitate
780 4431 912 4500 virium
928 4449 962 4504 et
979 4434 1116 4504 valetu-

118 4530 238 4614 dinis,
268 4553 376 4624 quam
400 4528 440 4597 in
462 4529 601 4600 studiis.
658 4530 749 4601 Nam
772 4557 919 4625 corpora
939 4536 1030 4604 male
1052 4537 1115 4605 ad-

119 4634 230 4717 lecta,
260 4631 408 4700 minime
429 4646 578 4723 possunt
600 4633 833 4704 intentionem
857 4638 1058 4708 animorum
1081 4652 1116 4710 et

119 4749 278 4807 caeteros
293 4734 493 4805 studiorum
509 4749 544 4806 et
553 4737 776 4827 negotiorum
792 4738 931 4808 labores
949 4741 1115 4832 perferre.

118 4833 170 4908 Et
190 4836 395 4907 multisunt
412 4837 547 4923 morbi,
579 4839 764 4932 inquibus
781 4840 917 4911 incitati
934 4838 1116 4930 humores,

120 4939 269 5033 pariunt
288 4963 426 5008 errores
449 4940 589 5015 mentis.
648 4938 799 5032 Propter
814 4938 877 5012 has
893 4944 1115 5034 gravissimas

118 5063 243 5113 causas
262 5041 412 5110 maxima
428 5066 512 5111 cura
524 5038 725 5114 adhibenda
747 5060 838 5131 erat,
864 5048 908 5115 ad
925 5049 1113 5137 regendam

117 5159 155 5217 et
176 5146 456 5214 conservandam
478 5145 728 5221 valetudinem.
786 5144 835 5220 Et
851 5149 1015 5222 vitandae
1031 5166 1115 5223 sunt

113 5313 324 5337 ,,,...,....-.

149 5409 181 5480 6)
199 5405 279 5464 tttse.
296 5403 372 5462 addit
389 5422 488 5460 oenoe.

1163 473 1223 540 sed
1246 474 1361 544 multo
1385 474 1496 562 magis
1518 468 1681 543 habenda
1702 488 1753 545 est
1768 475 1858 544 ratio
1874 489 2044 544 venturae
2058 486 2156 543 aeta·

1162 573 1209 643 tis
1231 586 1266 643 et
1289 588 1465 661 senectae,
1500 599 1590 669 quae
1616 601 1691 646 non
1716 590 1925 668 potestesse
1948 577 2155 669 tranquilla,

1162 690 1325 766 quassato
1348 677 1418 746 iam
1442 702 1608 768 corpore,
1634 692 1669 748 et
1684 680 1808 749 vexato
1825 678 1984 748 adsiduis
1998 678 2155 748 crudita-

1162 777 1275 863 tibus,
1300 781 1463 872 crapula,
1485 780 1694 860 insomniis,
1716 780 1933 851 resolutione
1950 802 2155 863 nervorum,

1162 890 1198 947 et
1219 879 1395 950 similibus
1418 882 1584 974 pestibus.
1645 880 1813 971 Quantus
1840 898 1958 952 autem
1982 905 2083 952 error
2110 881 2157 952 sit

1162 980 1377 1063 iuventutis,
1411 983 1555 1068 videtis,
1587 1007 1661 1053 non
1684 984 1801 1054 solum
1821 985 1912 1054 ratio
1935 984 2035 1054 nulla
2051 979 2156 1054 adhi-

1164 1085 1267 1153 betur
1282 1085 1326 1153 ad
1343 1085 1604 1155 confirmandas
1621 1087 1729 1170 vires,
1751 1088 1812 1155 sed
1828 1087 1963 1155 nullius
1978 1085 2029 1154 rei
2043 1085 2157 1155 iactu·

1164 1209 1202 1254 ra
1217 1185 1332 1256 levior
1344 1187 1506 1274 ducitur,
1526 1212 1632 1281 quam
1648 1187 1872 1259 valetudinis.
1921 1188 1997 1257 Alii
2012 1202 2158 1278 propter

1164 1286 1330 1357 inertiam
1347 1302 1381 1360 et
1397 1288 1572 1361 inscitiam
1597 1289 1733 1360 nullam
1757 1290 2001 1361 oeconomiam
2027 1290 2065 1357 in
2082 1288 2156 1357 dis-

1163 1389 1364 1462 tribuendis
1396 1392 1634 1483 temporibus,
1681 1392 1773 1478 cibi,
1812 1406 1936 1485 potus,
1978 1392 2155 1473 laborum,

1166 1493 1295 1586 quietis
1318 1493 1520 1568 observant.
1571 1490 1647 1563 Alii
1668 1495 1821 1585 praediti
1844 1494 1971 1564 animis
1984 1493 2158 1583 gladiato-

1158 1594 1247 1680 riis,
1280 1595 1527 1665 tortitudinem
1551 1599 1730 1688 quandam
1755 1620 1828 1666 esse
1850 1599 2004 1689 ducunt,
2031 1596 2159 1664 imma-

1166 1696 1277 1768 nitate
1288 1721 1428 1767 morum
1439 1699 1478 1766 in
1493 1698 1684 1779 conviviis,
1712 1699 1880 1785 inludis,
1906 1697 2058 1788 vigiliis,
2084 1697 2158 1764 vim

1168 1800 1308 1869 adferre
1331 1801 1560 1892 corporibus,
1586 1814 1622 1871 et
1643 1814 1737 1872 certa
1754 1803 1967 1872 detrimenta
1981 1799 2158 1870 valetudi-

1166 1902 1223 1970 nis
1238 1923 1425 1975 accersere.
1478 1901 1574 1973 Haec
1595 1903 1685 1974 vicia
1702 1905 1789 1974 etin
1807 1903 2004 1996 praesentia
2017 1916 2159 1983 nocent,

1167 2017 1201 2074 et
1227 2018 1349 2074 serunt
1375 2006 1506 2087 multos
1536 2007 1699 2091 morbos,
1731 2021 1919 2098 erupturos
1944 2007 1984 2074 in
2007 2017 2159 2085 senecta,

1166 2130 1274 2199 quae,
1308 2106 1338 2174 si
1353 2107 1445 2176 vires
1460 2107 1532 2176 sint
1549 2108 1636 2177 adeo
1652 2121 1866 2201 prostratae,
1894 2133 1959 2178 nec
1976 2109 2159 2182 diuturna,

1165 2230 1230 2279 nec
1254 2207 1352 2277 utilis
1368 2204 1601 2301 Reipublicae
1618 2234 1692 2280 esse
1707 2224 1832 2304 potest.
1888 2208 2012 2304 Itaque
2029 2234 2074 2279 ne
2090 2206 2161 2276 mi-

1166 2333 1262 2394 sera,
1296 2332 1460 2401 praeceps
1489 2326 1524 2382 et
1544 2313 1683 2383 inutilis
1713 2314 1759 2384 sit
1780 2328 1962 2398 senectus,
1992 2312 2158 2383 valetudo

1166 2413 1304 2483 ratione
1320 2425 1356 2482 et
1367 2426 1441 2482 arte
1457 2416 1608 2503 regenda
1625 2428 1658 2485 et
1675 2418 1806 2486 tuenda
1823 2431 1886 2490 est.

1266 2509 1325 2584 Ad
1336 2508 1429 2584 hanc
1442 2540 1518 2585 rem
1532 2517 1682 2588 tradidit
1692 2518 1797 2589 nobis
1808 2519 1931 2589 utilem
1946 2513 2158 2588 sententiam

1166 2615 1420 2710 Hippocrates,
1446 2617 1485 2688 in
1502 2633 1598 2689 sexto
1617 2616 1903 2713 Epidemiorum:
1936 2612 2070 2688 Labor
2092 2639 2157 2685 ar-

1166 2715 1290 2788 ticulis
1318 2726 1350 2787 st
1366 2717 1482 2795 carni
1498 2716 1666 2816 prodest,
1706 2719 1808 2792 cibas
1837 2744 1917 2792 vcro
1945 2730 1977 2791 st
2005 2741 2157 2791 somnus

1167 2817 1374 2894 visceribus:

1266 2923 1369 2994 Hanc
1384 2924 1595 2995 sententiam
1608 2926 1717 3014 magis
1733 2927 1930 2996 amabimus
1945 2926 2158 2995 illustratam

1166 3040 1202 3097 et
1223 3047 1421 3112 excussam,
1446 3050 1526 3098 cum
1550 3028 1768 3113 videbimus,
1790 3041 1964 3122 quantum
1981 3026 2161 3097 contineat

1166 3128 1485 3199 eruditissimarum
1509 3131 1809 3221 disputationum,
1839 3145 1874 3203 et
1903 3152 2008 3224 quam
2037 3128 2083 3198 sit
2112 3129 2157 3196 ad

1166 3230 1277 3302 vitam
1292 3232 1402 3301 utilis.
1453 3227 1532 3302 Etsi
1547 3245 1666 3302 autem
1679 3233 1719 3301 in
1733 3226 1798 3301 hac
1813 3231 1982 3324 temporis
1996 3229 2158 3319 angustia

1166 3357 1241 3402 non
1257 3346 1406 3425 possunt
1416 3358 1539 3402 omnes
1549 3334 1604 3403 illi
1615 3334 1704 3414 loci,
1731 3357 1820 3427 quos
1834 3331 1893 3405 hic
1905 3332 2023 3405 brevis
2031 3325 2158 3423 Apho-

1166 3435 1295 3506 rismus
1323 3436 1586 3528 complectitur,
1619 3436 1807 3529 explicari,
1841 3450 1960 3506 tamen
1985 3435 2158 3529 quosdam

1166 3538 1443 3628 declarabimus,
1469 3552 1509 3609 ut
1528 3539 1701 3611 sententia
1722 3539 1782 3609 liat
1794 3537 1964 3609 studiosis
1977 3558 2158 3606 commen-

1167 3639 1293 3714 datior.
2005 3645 2014 3661 ⁸

1265 3741 1427 3813 Primum
1442 3741 1551 3832 igitur
1565 3743 1748 3815 sciendum
1759 3758 1827 3831 est,
1852 3739 1920 3814 hoc
1934 3753 2158 3835 pracceptum

1167 3844 1344 3939 pertinere
1360 3847 1405 3915 ad
1424 3869 1499 3915 eam
1519 3862 1653 3938 partem
1668 3847 1754 3918 artis
1773 3846 1960 3933 medendi,
1982 3868 2073 3939 quae
2089 3845 2156 3912 do·

1168 3961 1222 4019 cet
1237 3949 1280 4016 de
1297 3949 1429 4019 tuenda
1448 3971 1509 4018 seu
1528 3950 1767 4020 conservanda
1783 3949 1944 4022 sanitate.
1995 3944 2156 4038 Cumque

1168 4049 1392 4123 constitueris
1421 4072 1550 4139 genus,
1589 4052 1763 4122 rationem
1800 4053 1953 4121 tuendae
1987 4047 2156 4129 sanitatis,

1168 4165 1271 4224 erunt
1285 4151 1416 4244 species
1430 4153 1688 4239 subiiciendae,
1713 4176 1771 4224 sex
1787 4178 1907 4225 rerum
1922 4178 1996 4224 nou
2011 4165 2156 4220 natura-

1166 4255 1276 4341 lium,
1301 4268 1423 4347 aptum
1450 4278 1553 4324 usum
1576 4253 1697 4337 Aeris,
1728 4253 1810 4327 Cibi
1825 4281 1865 4326 ac
1880 4253 2007 4338 Potus,
2032 4250 2156 4321 Motus

1167 4371 1202 4429 et
1218 4356 1378 4447 Quietis,
1401 4357 1527 4430 Somni
1549 4371 1583 4428 et
1603 4356 1773 4448 Vigiliae,
1803 4357 2017 4430 Inanitionis
2033 4366 2067 4423 et
2080 4349 2156 4425 Re·

1167 4461 1354 4554 pletionis,
1386 4473 1421 4531 et
1447 4461 1647 4532 adfectuum
1677 4462 1800 4536 animi.
1858 4457 1929 4531 Sed
1955 4455 2013 4529 hic
2035 4471 2156 4528 noster

1167 4557 1426 4654 Aphorismus,
1457 4563 1597 4632 omissis
1617 4565 1695 4634 aliis
1710 4565 1910 4658 speciebus,
1936 4561 2096 4654 loquitur
2110 4560 2155 4629 de

1169 4665 1300 4750 tribus,
1326 4667 1370 4735 de
1379 4666 1563 4750 exercitio,
1587 4668 1630 4735 de
1641 4666 1721 4736 cibo
1737 4692 1776 4735 ac
1789 4679 1893 4756 potu,
1916 4679 1950 4736 et
1965 4667 2008 4734 de
2018 4685 2154 4734 somno.

1167 4767 1341 4838 Laborem
1357 4762 1415 4838 hic
1432 4769 1600 4857 intelligit
1613 4769 1909 4838 exercitationem.
1961 4766 2034 4837 Nec
2049 4766 2154 4854 longe

1166 4883 1321 4962 repetam
1334 4896 1430 4941 nunc
1440 4872 1653 4955 orationem,
1669 4895 1774 4965 quam
1788 4863 2155 4940 necessariasitExer-
2184 4936 2186 4941 .

1166 4971 1304 5060 citatio,
1328 4975 1367 5044 id
1381 4973 1476 5044 enim
1494 4988 1614 5044 monet
1629 4968 1713 5044 haec
1727 4975 1801 5066 ipsa
1815 4972 1998 5046 sententis.
2060 4968 2153 5038 illud

1166 5075 1284 5169 potius
1309 5078 1512 5148 addendum
1538 5090 1607 5157 est,
1641 5080 1684 5147 dc
1707 5092 1865 5168 tempore
1884 5070 2155 5157 exercitationis,

1165 5179 1261 5275 quod
1278 5192 1361 5251 ante
1376 5181 1496 5251 cibum
1512 5180 1686 5251 utendum
1704 5194 1755 5250 est
1773 5177 2039 5260 exercitatione,
2063 5173 2155 5243 sicut
2189 5194 2193 5200 ·

1165 5295 1199 5354 et
1222 5280 1314 5354 alius
1329 5278 1575 5375 ¹Aphorismus
1596 5283 1731 5378 inquit:
1764 5280 1885 5352 Labor
1899 5279 1997 5350 cibos
2014 5298 2156 5370 praece-

1165 5387 1236 5458 dat.
1292 5382 1448 5482 ldeoque
1463 5383 1623 5457 Galenus
1637 5408 1766 5477 magno
1781 5382 1931 5456 consilio
1945 5380 2155 5452 insecundo

1384 5700 1507 5728 ’ἡ
