<?xml version="1.0" encoding="UTF-8"?>
<!DOCTYPE html PUBLIC "-//W3C//DTD XHTML 1.0 Transitional//EN"
    "http://www.w3.org/TR/xhtml1/DTD/xhtml1-transitional.dtd">
<html xmlns="http://www.w3.org/1999/xhtml" xml:lang="en" lang="en">
 <head>
  <title>
</title>
<meta http-equiv="Content-Type" content="text/html;charset=utf-8" />
  <meta name='ocr-system' content='tesseract 3.04.00' />
  <meta name='ocr-capabilities' content='ocr_page ocr_carea ocr_par ocr_line ocrx_word'/>
</head>
<body>
  <div class='ocr_page' id='page_1' title='image "./corpusreformato02melagoog/corpusreformato02melagoog_0298.png"; bbox 0 0 4546 5760; ppageno 0'>
   <div class='ocr_carea' id='block_1_1' title="bbox 566 144 2006 287">
    <p class='ocr_par' dir='ltr' id='par_1_1' title="bbox 566 144 2006 287">
     <span class='ocr_line' id='line_1_1' title="bbox 566 144 2006 287; baseline -0.013 -20"><span class='ocrx_word' id='word_1_1' title='bbox 566 229 603 287; x_wconf 97' lang='grc' dir='ltr'> </span> <span class='ocrx_word' id='word_1_2' title='bbox 685 144 1014 267; x_wconf 78' lang='lat' dir='ltr'>canutnuu</span> <span class='ocrx_word' id='word_1_3' title='bbox 1062 184 1169 265; x_wconf 80' lang='lat' dir='ltr'>mn</span> <span class='ocrx_word' id='word_1_4' title='bbox 1195 183 1276 261; x_wconf 81' lang='grc' dir='ltr'><strong>ιιι.</strong></span> <span class='ocrx_word' id='word_1_5' title='bbox 1925 188 2006 273; x_wconf 59' lang='grc' dir='ltr'>,ως</span> 
     </span>
    </p>
   </div>
   <div class='ocr_carea' id='block_1_2' title="bbox 93 357 2003 5246">
    <p class='ocr_par' dir='ltr' id='par_1_2' title="bbox 94 357 1796 461">
     <span class='ocr_line' id='line_1_2' title="bbox 94 357 1796 461; baseline -0.002 -22"><span class='ocrx_word' id='word_1_6' title='bbox 94 375 178 439; x_wconf 72' lang='lat' dir='ltr'>riam</span> <span class='ocrx_word' id='word_1_7' title='bbox 197 359 380 436; x_wconf 88' lang='lat' dir='ltr'>monachis</span> <span class='ocrx_word' id='word_1_8' title='bbox 402 386 588 457; x_wconf 79' lang='lat' dir='ltr'>personam</span> <span class='ocrx_word' id='word_1_9' title='bbox 604 357 784 450; x_wconf 84' lang='lat' dir='ltr'>detrahet,</span> <span class='ocrx_word' id='word_1_10' title='bbox 809 376 915 461; x_wconf 87' lang='lat' dir='ltr'>atque</span> <span class='ocrx_word' id='word_1_11' title='bbox 1016 359 1183 453; x_wconf 85' lang='lat' dir='ltr'>Congrua</span> <span class='ocrx_word' id='word_1_12' title='bbox 1198 358 1384 451; x_wconf 72' lang='lat' dir='ltr'>descripsit</span> <span class='ocrx_word' id='word_1_13' title='bbox 1399 359 1513 432; x_wconf 84' lang='lat' dir='ltr'>civilis</span> <span class='ocrx_word' id='word_1_14' title='bbox 1526 384 1676 434; x_wconf 89' lang='lat' dir='ltr'>munera</span> <span class='ocrx_word' id='word_1_15' title='bbox 1690 363 1796 452; x_wconf 84' lang='lat' dir='ltr'>vitae,</span> 
     </span>
    </p>

    <p class='ocr_par' dir='ltr' id='par_1_3' title="bbox 94 464 1893 662">
     <span class='ocr_line' id='line_1_3' title="bbox 94 464 1893 561; baseline 0 -20"><span class='ocrx_word' id='word_1_16' title='bbox 94 481 170 541; x_wconf 75' lang='lat' dir='ltr'>eust</span> <span class='ocrx_word' id='word_1_17' title='bbox 183 469 318 538; x_wconf 84' lang='lat' dir='ltr'>oeterni</span> <span class='ocrx_word' id='word_1_18' title='bbox 332 470 494 557; x_wconf 78' lang='lat' dir='ltr'>dogmata</span> <span class='ocrx_word' id='word_1_19' title='bbox 510 490 591 539; x_wconf 87' lang='lat' dir='ltr'>vera</span> <span class='ocrx_word' id='word_1_20' title='bbox 607 464 686 541; x_wconf 85' lang='lat' dir='ltr'>Dei.</span> <span class='ocrx_word' id='word_1_21' title='bbox 1068 464 1221 558; x_wconf 88' lang='lat' dir='ltr'>luraque</span> <span class='ocrx_word' id='word_1_22' title='bbox 1234 464 1430 548; x_wconf 71' lang='lat' dir='ltr'>militibus,</span> <span class='ocrx_word' id='word_1_23' title='bbox 1455 465 1703 561; x_wconf 90' lang='lat' dir='ltr'>iudicibusque</span> <span class='ocrx_word' id='word_1_24' title='bbox 1718 468 1829 543; x_wconf 86' lang='lat' dir='ltr'>dedit.</span> <span class='ocrx_word' id='word_1_25' title='bbox 1887 485 1893 491; x_wconf 82' lang='grc'><strong>“</strong></span> 
     </span>
     <span class='ocr_line' id='line_1_4' title="bbox 94 563 1852 662; baseline -0.001 -21"><span class='ocrx_word' id='word_1_26' title='bbox 94 568 376 653; x_wconf 63' lang='lat' dir='ltr'>herremanus</span> <span class='ocrx_word' id='word_1_27' title='bbox 389 569 494 640; x_wconf 91' lang='lat' dir='ltr'>furiis</span> <span class='ocrx_word' id='word_1_28' title='bbox 508 568 723 658; x_wconf 73' lang='lat' dir='ltr'>agitantibus</span> <span class='ocrx_word' id='word_1_29' title='bbox 742 563 884 640; x_wconf 85' lang='lat' dir='ltr'>hostes?</span> <span class='ocrx_word' id='word_1_30' title='bbox 1016 564 1135 660; x_wconf 77' lang='lat' dir='ltr'>Atque</span> <span class='ocrx_word' id='word_1_31' title='bbox 1151 566 1256 636; x_wconf 88' lang='lat' dir='ltr'>fidem</span> <span class='ocrx_word' id='word_1_32' title='bbox 1272 566 1374 639; x_wconf 87' lang='lat' dir='ltr'>iussit</span> <span class='ocrx_word' id='word_1_33' title='bbox 1387 567 1505 637; x_wconf 89' lang='lat' dir='ltr'>lucere</span> <span class='ocrx_word' id='word_1_34' title='bbox 1520 567 1559 637; x_wconf 91' lang='lat' dir='ltr'>in</span> <span class='ocrx_word' id='word_1_35' title='bbox 1575 568 1682 639; x_wconf 86' lang='lat' dir='ltr'>rebus</span> <span class='ocrx_word' id='word_1_36' title='bbox 1695 570 1852 662; x_wconf 86' lang='lat' dir='ltr'>agendis,</span> 
     </span>
    </p>

    <p class='ocr_par' dir='ltr' id='par_1_4' title="bbox 94 666 1690 767">
     <span class='ocr_line' id='line_1_5' title="bbox 94 666 1690 767; baseline -0.003 -25"><span class='ocrx_word' id='word_1_37' title='bbox 94 670 172 742; x_wconf 83' lang='lat' dir='ltr'>llere</span> <span class='ocrx_word' id='word_1_38' title='bbox 189 672 253 767; x_wconf 81' lang='lat' dir='ltr'>qtsi</span> <span class='ocrx_word' id='word_1_39' title='bbox 270 695 289 742; x_wconf 90' lang='lat' dir='ltr'>e</span> <span class='ocrx_word' id='word_1_40' title='bbox 304 673 421 742; x_wconf 92' lang='lat' dir='ltr'>medio</span> <span class='ocrx_word' id='word_1_41' title='bbox 442 671 510 743; x_wconf 87' lang='lat' dir='ltr'>tale</span> <span class='ocrx_word' id='word_1_42' title='bbox 524 666 713 742; x_wconf 86' lang='lat' dir='ltr'>Catharma</span> <span class='ocrx_word' id='word_1_43' title='bbox 728 670 862 748; x_wconf 85' lang='lat' dir='ltr'>volent.</span> <span class='ocrx_word' id='word_1_44' title='bbox 1066 667 1196 741; x_wconf 87' lang='lat' dir='ltr'>Notior</span> <span class='ocrx_word' id='word_1_45' title='bbox 1211 681 1251 740; x_wconf 91' lang='lat' dir='ltr'>ut</span> <span class='ocrx_word' id='word_1_46' title='bbox 1267 668 1364 739; x_wconf 86' lang='lat' dir='ltr'>fieret</span> <span class='ocrx_word' id='word_1_47' title='bbox 1379 668 1490 758; x_wconf 88' lang='lat' dir='ltr'>gloria</span> <span class='ocrx_word' id='word_1_48' title='bbox 1507 693 1588 741; x_wconf 87' lang='lat' dir='ltr'>vera</span> <span class='ocrx_word' id='word_1_49' title='bbox 1606 669 1690 746; x_wconf 87' lang='lat' dir='ltr'>Dei.</span> 
     </span>
    </p>

    <p class='ocr_par' dir='ltr' id='par_1_5' title="bbox 94 765 1904 969">
     <span class='ocr_line' id='line_1_6' title="bbox 94 765 1904 870; baseline -0.002 -23"><span class='ocrx_word' id='word_1_50' title='bbox 94 770 158 847; x_wconf 78' lang='lat' dir='ltr'>&#39;um</span> <span class='ocrx_word' id='word_1_51' title='bbox 173 769 308 845; x_wconf 84' lang='lat' dir='ltr'>Ductor</span> <span class='ocrx_word' id='word_1_52' title='bbox 323 774 481 845; x_wconf 87' lang='lat' dir='ltr'>sincerus</span> <span class='ocrx_word' id='word_1_53' title='bbox 496 772 637 844; x_wconf 86' lang='lat' dir='ltr'>victima</span> <span class='ocrx_word' id='word_1_54' title='bbox 652 773 723 857; x_wconf 87' lang='lat' dir='ltr'>het,</span> <span class='ocrx_word' id='word_1_55' title='bbox 1015 768 1182 861; x_wconf 86' lang='lat' dir='ltr'>Coniugii</span> <span class='ocrx_word' id='word_1_56' title='bbox 1195 771 1307 841; x_wconf 86' lang='lat' dir='ltr'>sancit</span> <span class='ocrx_word' id='word_1_57' title='bbox 1320 770 1452 861; x_wconf 84' lang='lat' dir='ltr'>legem,</span> <span class='ocrx_word' id='word_1_58' title='bbox 1477 765 1693 866; x_wconf 78' lang='lat' dir='ltr'>damnatque</span> <span class='ocrx_word' id='word_1_59' title='bbox 1709 768 1904 870; x_wconf 83' lang='lat' dir='ltr'>Thyesten,</span> 
     </span>
     <span class='ocr_line' id='line_1_7' title="bbox 94 863 1826 969; baseline 0.001 -22"><span class='ocrx_word' id='word_1_60' title='bbox 94 872 247 969; x_wconf 82' lang='lat' dir='ltr'>idueque</span> <span class='ocrx_word' id='word_1_61' title='bbox 261 875 339 952; x_wconf 88' lang='lat' dir='ltr'>litat</span> <span class='ocrx_word' id='word_1_62' title='bbox 355 876 527 966; x_wconf 86' lang='lat' dir='ltr'>sauguine</span> <span class='ocrx_word' id='word_1_63' title='bbox 545 890 578 946; x_wconf 90' lang='lat' dir='ltr'>et</span> <span class='ocrx_word' id='word_1_64' title='bbox 593 875 668 966; x_wconf 90' lang='lat' dir='ltr'>ipse</span> <span class='ocrx_word' id='word_1_65' title='bbox 683 863 781 944; x_wconf 75' lang='lat' dir='ltr'>arro.¹</span> <span class='ocrx_word' id='word_1_66' title='bbox 1067 871 1243 958; x_wconf 79' lang='lat' dir='ltr'>Uxorem,</span> <span class='ocrx_word' id='word_1_67' title='bbox 1265 873 1385 943; x_wconf 88' lang='lat' dir='ltr'>fratris</span> <span class='ocrx_word' id='word_1_68' title='bbox 1402 874 1465 965; x_wconf 91' lang='lat' dir='ltr'>qui</span> <span class='ocrx_word' id='word_1_69' title='bbox 1482 897 1606 966; x_wconf 87' lang='lat' dir='ltr'>rapere</span> <span class='ocrx_word' id='word_1_70' title='bbox 1619 894 1724 945; x_wconf 90' lang='lat' dir='ltr'>ausus</span> <span class='ocrx_word' id='word_1_71' title='bbox 1740 888 1826 962; x_wconf 83' lang='lat' dir='ltr'>erat,</span> 
     </span>
    </p>

    <p class='ocr_par' dir='ltr' id='par_1_6' title="bbox 94 971 1973 1374">
     <span class='ocr_line' id='line_1_8' title="bbox 94 971 1835 1072; baseline -0.001 -23"><span class='ocrx_word' id='word_1_72' title='bbox 94 998 180 1049; x_wconf 76' lang='lat' dir='ltr'>estes</span> <span class='ocrx_word' id='word_1_73' title='bbox 192 1001 333 1064; x_wconf 79' lang='lat' dir='ltr'>causas,</span> <span class='ocrx_word' id='word_1_74' title='bbox 358 1001 422 1049; x_wconf 90' lang='lat' dir='ltr'>cur</span> <span class='ocrx_word' id='word_1_75' title='bbox 435 977 525 1047; x_wconf 85' lang='lat' dir='ltr'>ritus</span> <span class='ocrx_word' id='word_1_76' title='bbox 539 978 678 1047; x_wconf 85' lang='lat' dir='ltr'>dedicat</span> <span class='ocrx_word' id='word_1_77' title='bbox 691 973 726 1072; x_wconf 90' lang='lat'>²)</span> <span class='ocrx_word' id='word_1_78' title='bbox 742 976 851 1065; x_wconf 91' lang='lat' dir='ltr'>idern,</span> <span class='ocrx_word' id='word_1_79' title='bbox 1016 971 1137 1064; x_wconf 87' lang='lat' dir='ltr'>Quare</span> <span class='ocrx_word' id='word_1_80' title='bbox 1151 971 1345 1065; x_wconf 87' lang='lat' dir='ltr'>Baptistam</span> <span class='ocrx_word' id='word_1_81' title='bbox 1362 976 1514 1045; x_wconf 89' lang='lat' dir='ltr'>crudelis</span> <span class='ocrx_word' id='word_1_82' title='bbox 1528 975 1688 1048; x_wconf 88' lang='lat' dir='ltr'>adultera</span> <span class='ocrx_word' id='word_1_83' title='bbox 1707 977 1835 1068; x_wconf 86' lang='lat' dir='ltr'>pordit,</span> 
     </span>
     <span class='ocr_line' id='line_1_9' title="bbox 94 1074 1826 1175; baseline 0.003 -29"><span class='ocrx_word' id='word_1_84' title='bbox 94 1080 253 1175; x_wconf 55' lang='lat' dir='ltr'>pendam</span> <span class='ocrx_word' id='word_1_85' title='bbox 270 1094 304 1152; x_wconf 87' lang='lat' dir='ltr'>et</span> <span class='ocrx_word' id='word_1_86' title='bbox 321 1093 456 1174; x_wconf 84' lang='lat' dir='ltr'>mysteu</span> <span class='ocrx_word' id='word_1_87' title='bbox 473 1081 535 1173; x_wconf 95' lang='lat' dir='ltr'>qui</span> <span class='ocrx_word' id='word_1_88' title='bbox 550 1079 608 1171; x_wconf 89' lang='lat' dir='ltr'>pia</span> <span class='ocrx_word' id='word_1_89' title='bbox 621 1085 717 1149; x_wconf 86' lang='lat' dir='ltr'>sacra</span> <span class='ocrx_word' id='word_1_90' title='bbox 733 1078 829 1154; x_wconf 82' lang='lat' dir='ltr'>facit.</span> <span class='ocrx_word' id='word_1_91' title='bbox 1066 1074 1139 1165; x_wconf 87' lang='lat' dir='ltr'>Qui</span> <span class='ocrx_word' id='word_1_92' title='bbox 1157 1076 1312 1145; x_wconf 86' lang='lat' dir='ltr'>moriens</span> <span class='ocrx_word' id='word_1_93' title='bbox 1327 1076 1438 1147; x_wconf 88' lang='lat' dir='ltr'>veluti</span> <span class='ocrx_word' id='word_1_94' title='bbox 1454 1077 1598 1147; x_wconf 88' lang='lat' dir='ltr'>victima</span> <span class='ocrx_word' id='word_1_95' title='bbox 1613 1102 1710 1149; x_wconf 88' lang='lat' dir='ltr'>caesa</span> <span class='ocrx_word' id='word_1_96' title='bbox 1726 1079 1826 1152; x_wconf 85' lang='lat' dir='ltr'>iacet.</span> 
     </span>
     <span class='ocr_line' id='line_1_10' title="bbox 94 1172 1973 1273; baseline -0.002 -23"><span class='ocrx_word' id='word_1_97' title='bbox 94 1180 249 1261; x_wconf 74' lang='lat' dir='ltr'>serdotis</span> <span class='ocrx_word' id='word_1_98' title='bbox 265 1178 399 1252; x_wconf 75' lang='lat' dir='ltr'>Christi</span> <span class='ocrx_word' id='word_1_99' title='bbox 415 1182 595 1250; x_wconf 87' lang='lat' dir='ltr'>verissima</span> <span class='ocrx_word' id='word_1_100' title='bbox 610 1181 726 1270; x_wconf 80' lang='lat' dir='ltr'>imago</span> <span class='ocrx_word' id='word_1_101' title='bbox 741 1193 804 1267; x_wconf 87' lang='lat' dir='ltr'>est,</span> <span class='ocrx_word' id='word_1_102' title='bbox 1006 1175 1168 1249; x_wconf 64' lang='lat' dir='ltr'>*Notitiae</span> <span class='ocrx_word' id='word_1_103' title='bbox 1184 1172 1320 1247; x_wconf 75' lang='lat' dir='ltr'>Christi</span> <span class='ocrx_word' id='word_1_104' title='bbox 1337 1174 1556 1270; x_wconf 81' lang='lat' dir='ltr'>Stephanus,</span> <span class='ocrx_word' id='word_1_105' title='bbox 1581 1203 1656 1250; x_wconf 90' lang='lat' dir='ltr'>nou</span> <span class='ocrx_word' id='word_1_106' title='bbox 1672 1180 1842 1273; x_wconf 90' lang='lat' dir='ltr'>sanguine</span> <span class='ocrx_word' id='word_1_107' title='bbox 1859 1175 1973 1251; x_wconf 82' lang='lat' dir='ltr'>Tauri</span> 
     </span>
     <span class='ocr_line' id='line_1_11' title="bbox 94 1277 1731 1374; baseline 0 -19"><span class='ocrx_word' id='word_1_108' title='bbox 94 1282 190 1355; x_wconf 80' lang='lat' dir='ltr'>&#39;ueris</span> <span class='ocrx_word' id='word_1_109' title='bbox 206 1277 288 1352; x_wconf 90' lang='lat' dir='ltr'>huic</span> <span class='ocrx_word' id='word_1_110' title='bbox 304 1284 407 1352; x_wconf 91' lang='lat' dir='ltr'>detur</span> <span class='ocrx_word' id='word_1_111' title='bbox 421 1283 531 1373; x_wconf 91' lang='lat' dir='ltr'>gloria</span> <span class='ocrx_word' id='word_1_112' title='bbox 549 1281 661 1374; x_wconf 89' lang='lat' dir='ltr'>prima</span> <span class='ocrx_word' id='word_1_113' title='bbox 674 1282 773 1351; x_wconf 84' lang='lat' dir='ltr'>sacri.</span> <span class='ocrx_word' id='word_1_114' title='bbox 1066 1279 1224 1351; x_wconf 87' lang='lat' dir='ltr'>Restitui</span> <span class='ocrx_word' id='word_1_115' title='bbox 1241 1279 1333 1350; x_wconf 87' lang='lat' dir='ltr'>vitae</span> <span class='ocrx_word' id='word_1_116' title='bbox 1347 1281 1440 1350; x_wconf 87' lang='lat' dir='ltr'>dous</span> <span class='ocrx_word' id='word_1_117' title='bbox 1462 1282 1648 1373; x_wconf 87' lang='lat' dir='ltr'>perennis,</span> <span class='ocrx_word' id='word_1_118' title='bbox 1671 1282 1731 1357; x_wconf 88' lang='lat' dir='ltr'>ait.</span> 
     </span>
    </p>

    <p class='ocr_par' dir='ltr' id='par_1_7' title="bbox 94 1378 1835 1477">
     <span class='ocr_line' id='line_1_12' title="bbox 94 1378 1835 1477; baseline -0.001 -20"><span class='ocrx_word' id='word_1_119' title='bbox 94 1408 137 1457; x_wconf 84' lang='lat' dir='ltr'>ue</span> <span class='ocrx_word' id='word_1_120' title='bbox 149 1383 230 1455; x_wconf 89' lang='lat' dir='ltr'>labe</span> <span class='ocrx_word' id='word_1_121' title='bbox 244 1386 331 1471; x_wconf 90' lang='lat' dir='ltr'>fuit,</span> <span class='ocrx_word' id='word_1_122' title='bbox 355 1385 518 1477; x_wconf 87' lang='lat' dir='ltr'>claraque</span> <span class='ocrx_word' id='word_1_123' title='bbox 532 1382 571 1452; x_wconf 92' lang='lat' dir='ltr'>in</span> <span class='ocrx_word' id='word_1_124' title='bbox 586 1385 664 1454; x_wconf 91' lang='lat' dir='ltr'>luce</span> <span class='ocrx_word' id='word_1_125' title='bbox 678 1396 860 1477; x_wconf 90' lang='lat' dir='ltr'>parentem</span> <span class='ocrx_word' id='word_1_126' title='bbox 876 1450 880 1457; x_wconf 83' lang='lat'>.</span> <span class='ocrx_word' id='word_1_127' title='bbox 1013 1378 1147 1453; x_wconf 90' lang='lat' dir='ltr'>Concio</span> <span class='ocrx_word' id='word_1_128' title='bbox 1168 1379 1356 1453; x_wconf 74' lang='lat' dir='ltr'>Pontifices</span> <span class='ocrx_word' id='word_1_129' title='bbox 1371 1382 1506 1473; x_wconf 87' lang='lat' dir='ltr'>ingrata</span> <span class='ocrx_word' id='word_1_130' title='bbox 1521 1384 1683 1456; x_wconf 82' lang='lat' dir='ltr'>accendit</span> <span class='ocrx_word' id='word_1_131' title='bbox 1696 1409 1835 1468; x_wconf 79' lang='lat' dir='ltr'>avaros,</span> 
     </span>
    </p>

    <p class='ocr_par' dir='ltr' id='par_1_8' title="bbox 94 1479 1786 1577">
     <span class='ocr_line' id='line_1_13' title="bbox 94 1479 1786 1577; baseline 0 -20"><span class='ocrx_word' id='word_1_132' title='bbox 94 1485 205 1571; x_wconf 81' lang='lat' dir='ltr'>sidet,</span> <span class='ocrx_word' id='word_1_133' title='bbox 225 1499 259 1556; x_wconf 91' lang='lat' dir='ltr'>et</span> <span class='ocrx_word' id='word_1_134' title='bbox 274 1510 357 1556; x_wconf 87' lang='lat' dir='ltr'>vero</span> <span class='ocrx_word' id='word_1_135' title='bbox 373 1508 510 1577; x_wconf 91' lang='lat' dir='ltr'>semper</span> <span class='ocrx_word' id='word_1_136' title='bbox 526 1479 663 1555; x_wconf 90' lang='lat' dir='ltr'>honore</span> <span class='ocrx_word' id='word_1_137' title='bbox 676 1485 772 1557; x_wconf 87' lang='lat' dir='ltr'>colit.</span> <span class='ocrx_word' id='word_1_138' title='bbox 1067 1482 1108 1553; x_wconf 89' lang='lat' dir='ltr'>ln</span> <span class='ocrx_word' id='word_1_139' title='bbox 1125 1497 1229 1575; x_wconf 89' lang='lat' dir='ltr'>caput</span> <span class='ocrx_word' id='word_1_140' title='bbox 1244 1499 1285 1554; x_wconf 90' lang='lat' dir='ltr'>ut</span> <span class='ocrx_word' id='word_1_141' title='bbox 1301 1482 1454 1554; x_wconf 89' lang='lat' dir='ltr'>iacerent</span> <span class='ocrx_word' id='word_1_142' title='bbox 1469 1506 1591 1577; x_wconf 88' lang='lat' dir='ltr'>aspera</span> <span class='ocrx_word' id='word_1_143' title='bbox 1608 1509 1687 1556; x_wconf 82' lang='lat' dir='ltr'>saxa</span> <span class='ocrx_word' id='word_1_144' title='bbox 1704 1486 1786 1559; x_wconf 77' lang='lat' dir='ltr'>viri.</span> 
     </span>
    </p>

    <p class='ocr_par' dir='ltr' id='par_1_9' title="bbox 94 1580 1920 1781">
     <span class='ocr_line' id='line_1_14' title="bbox 94 1580 1920 1682; baseline -0.003 -21"><span class='ocrx_word' id='word_1_145' title='bbox 94 1586 178 1661; x_wconf 65' lang='lat' dir='ltr'>&gt;eus</span> <span class='ocrx_word' id='word_1_146' title='bbox 191 1587 264 1680; x_wconf 89' lang='lat' dir='ltr'>ipse</span> <span class='ocrx_word' id='word_1_147' title='bbox 277 1612 423 1658; x_wconf 90' lang='lat' dir='ltr'>manum</span> <span class='ocrx_word' id='word_1_148' title='bbox 437 1586 624 1679; x_wconf 87' lang='lat' dir='ltr'>imposuit,</span> <span class='ocrx_word' id='word_1_149' title='bbox 650 1586 823 1682; x_wconf 86' lang='lat' dir='ltr'>iussitque</span> <span class='ocrx_word' id='word_1_150' title='bbox 836 1588 961 1659; x_wconf 89' lang='lat' dir='ltr'>docere</span> <span class='ocrx_word' id='word_1_151' title='bbox 1015 1580 1134 1678; x_wconf 87' lang='lat' dir='ltr'>thue</span> <span class='ocrx_word' id='word_1_152' title='bbox 1147 1585 1236 1655; x_wconf 89' lang='lat' dir='ltr'>alios</span> <span class='ocrx_word' id='word_1_153' title='bbox 1253 1585 1384 1655; x_wconf 89' lang='lat' dir='ltr'>multos</span> <span class='ocrx_word' id='word_1_154' title='bbox 1399 1586 1540 1671; x_wconf 87' lang='lat' dir='ltr'>sileam,</span> <span class='ocrx_word' id='word_1_155' title='bbox 1565 1587 1603 1656; x_wconf 87' lang='lat' dir='ltr'>bt</span> <span class='ocrx_word' id='word_1_156' title='bbox 1618 1588 1762 1658; x_wconf 83' lang='lat' dir='ltr'>victima</span> <span class='ocrx_word' id='word_1_157' title='bbox 1777 1584 1920 1671; x_wconf 86' lang='lat' dir='ltr'>Paulus,</span> 
     </span>
     <span class='ocr_line' id='line_1_15' title="bbox 94 1682 1755 1781; baseline -0.002 -18"><span class='ocrx_word' id='word_1_158' title='bbox 94 1690 165 1763; x_wconf 72' lang='lat' dir='ltr'>uua</span> <span class='ocrx_word' id='word_1_159' title='bbox 180 1707 323 1762; x_wconf 88' lang='lat' dir='ltr'>aeterno</span> <span class='ocrx_word' id='word_1_160' title='bbox 340 1690 502 1779; x_wconf 87' lang='lat' dir='ltr'>dogmata</span> <span class='ocrx_word' id='word_1_161' title='bbox 521 1705 659 1780; x_wconf 90' lang='lat' dir='ltr'>promta</span> <span class='ocrx_word' id='word_1_162' title='bbox 673 1689 766 1759; x_wconf 85' lang='lat' dir='ltr'>sinu.</span> <span class='ocrx_word' id='word_1_163' title='bbox 922 1729 924 1734; x_wconf 62' lang='lat'>=</span> <span class='ocrx_word' id='word_1_164' title='bbox 1063 1683 1143 1758; x_wconf 77' lang='lat' dir='ltr'>Eoo</span> <span class='ocrx_word' id='word_1_165' title='bbox 1158 1682 1292 1758; x_wconf 87' lang='lat' dir='ltr'>Christi</span> <span class='ocrx_word' id='word_1_166' title='bbox 1311 1711 1442 1757; x_wconf 88' lang='lat' dir='ltr'>nomen</span> <span class='ocrx_word' id='word_1_167' title='bbox 1456 1688 1501 1758; x_wconf 92' lang='lat' dir='ltr'>ah</span> <span class='ocrx_word' id='word_1_168' title='bbox 1517 1690 1603 1759; x_wconf 91' lang='lat' dir='ltr'>orbe</span> <span class='ocrx_word' id='word_1_169' title='bbox 1618 1712 1755 1781; x_wconf 89' lang='lat' dir='ltr'>gerens.</span> 
     </span>
    </p>

    <p class='ocr_par' dir='ltr' id='par_1_10' title="bbox 94 1784 1901 1988">
     <span class='ocr_line' id='line_1_16' title="bbox 94 1784 1901 1889; baseline -0.002 -27"><span class='ocrx_word' id='word_1_170' title='bbox 94 1815 251 1889; x_wconf 72' lang='lat' dir='ltr'>pressare</span> <span class='ocrx_word' id='word_1_171' title='bbox 264 1815 391 1861; x_wconf 88' lang='lat' dir='ltr'>manus</span> <span class='ocrx_word' id='word_1_172' title='bbox 405 1804 441 1861; x_wconf 87' lang='lat' dir='ltr'>et</span> <span class='ocrx_word' id='word_1_173' title='bbox 457 1791 549 1860; x_wconf 90' lang='lat' dir='ltr'>iussa</span> <span class='ocrx_word' id='word_1_174' title='bbox 567 1813 685 1862; x_wconf 88' lang='lat' dir='ltr'>severa</span> <span class='ocrx_word' id='word_1_175' title='bbox 703 1792 870 1883; x_wconf 89' lang='lat' dir='ltr'>parentis,</span> <span class='ocrx_word' id='word_1_176' title='bbox 1013 1784 1061 1860; x_wconf 82' lang='lat' dir='ltr'>Et</span> <span class='ocrx_word' id='word_1_177' title='bbox 1075 1790 1161 1859; x_wconf 89' lang='lat' dir='ltr'>dum</span> <span class='ocrx_word' id='word_1_178' title='bbox 1178 1814 1235 1859; x_wconf 82' lang='lat' dir='ltr'>scr</span> <span class='ocrx_word' id='word_1_179' title='bbox 1252 1789 1373 1858; x_wconf 88' lang='lat' dir='ltr'>lustris</span> <span class='ocrx_word' id='word_1_180' title='bbox 1388 1803 1551 1884; x_wconf 85' lang='lat' dir='ltr'>terraque</span> <span class='ocrx_word' id='word_1_181' title='bbox 1567 1791 1728 1885; x_wconf 89' lang='lat' dir='ltr'>marique</span> <span class='ocrx_word' id='word_1_182' title='bbox 1743 1803 1901 1884; x_wconf 89' lang='lat' dir='ltr'>vagatur,</span> 
     </span>
     <span class='ocr_line' id='line_1_17' title="bbox 94 1885 1824 1988; baseline -0.001 -23"><span class='ocrx_word' id='word_1_183' title='bbox 94 1894 210 1988; x_wconf 64' lang='lat' dir='ltr'>§plicio</span> <span class='ocrx_word' id='word_1_184' title='bbox 227 1907 265 1964; x_wconf 93' lang='lat' dir='ltr'>ut</span> <span class='ocrx_word' id='word_1_185' title='bbox 280 1893 394 1963; x_wconf 88' lang='lat' dir='ltr'>lueret</span> <span class='ocrx_word' id='word_1_186' title='bbox 405 1893 554 1963; x_wconf 91' lang='lat' dir='ltr'>crimina</span> <span class='ocrx_word' id='word_1_187' title='bbox 570 1905 691 1963; x_wconf 90' lang='lat' dir='ltr'>nostra</span> <span class='ocrx_word' id='word_1_188' title='bbox 705 1915 780 1964; x_wconf 91' lang='lat' dir='ltr'>suo.</span> <span class='ocrx_word' id='word_1_189' title='bbox 1063 1889 1117 1962; x_wconf 79' lang='lat' dir='ltr'>Ac</span> <span class='ocrx_word' id='word_1_190' title='bbox 1133 1885 1369 1980; x_wconf 82' lang='lat' dir='ltr'>Evangelium</span> <span class='ocrx_word' id='word_1_191' title='bbox 1384 1894 1515 1984; x_wconf 88' lang='lat' dir='ltr'>spargit</span> <span class='ocrx_word' id='word_1_192' title='bbox 1531 1893 1664 1987; x_wconf 91' lang='lat' dir='ltr'>ubique</span> <span class='ocrx_word' id='word_1_193' title='bbox 1678 1891 1763 1963; x_wconf 85' lang='lat' dir='ltr'>Dei:</span> <span class='ocrx_word' id='word_1_194' title='bbox 1822 1920 1824 1924; x_wconf 66' lang='grc'>’</span> 
     </span>
    </p>

    <p class='ocr_par' dir='ltr' id='par_1_11' title="bbox 95 1989 1851 2087">
     <span class='ocr_line' id='line_1_18' title="bbox 95 1989 1851 2087; baseline 0 -21"><span class='ocrx_word' id='word_1_195' title='bbox 95 1996 180 2087; x_wconf 83' lang='lat' dir='ltr'>licet</span> <span class='ocrx_word' id='word_1_196' title='bbox 201 1995 370 2079; x_wconf 86' lang='lat' dir='ltr'>inferior,</span> <span class='ocrx_word' id='word_1_197' title='bbox 391 1995 579 2067; x_wconf 87' lang='lat' dir='ltr'>comitatur</span> <span class='ocrx_word' id='word_1_198' title='bbox 594 2008 728 2067; x_wconf 87' lang='lat' dir='ltr'>caetera</span> <span class='ocrx_word' id='word_1_199' title='bbox 743 1995 859 2086; x_wconf 86' lang='lat' dir='ltr'>turba,</span> <span class='ocrx_word' id='word_1_200' title='bbox 1015 1989 1060 2065; x_wconf 80' lang='lat' dir='ltr'>Et</span> <span class='ocrx_word' id='word_1_201' title='bbox 1075 2009 1177 2083; x_wconf 78' lang='lat' dir='ltr'>negat</span> <span class='ocrx_word' id='word_1_202' title='bbox 1195 1992 1352 2083; x_wconf 79' lang='lat' dir='ltr'>extingui</span> <span class='ocrx_word' id='word_1_203' title='bbox 1367 2008 1522 2066; x_wconf 87' lang='lat' dir='ltr'>mentem</span> <span class='ocrx_word' id='word_1_204' title='bbox 1538 1995 1711 2068; x_wconf 91' lang='lat' dir='ltr'>divinitus</span> <span class='ocrx_word' id='word_1_205' title='bbox 1726 2009 1851 2081; x_wconf 83' lang='lat' dir='ltr'>ortam,</span> 
     </span>
    </p>

    <p class='ocr_par' dir='ltr' id='par_1_12' title="bbox 94 2091 1929 2392">
     <span class='ocr_line' id='line_1_19' title="bbox 94 2091 1818 2192; baseline -0.002 -21"><span class='ocrx_word' id='word_1_206' title='bbox 94 2095 147 2171; x_wconf 76' lang='lat' dir='ltr'>&#39;eii</span> <span class='ocrx_word' id='word_1_207' title='bbox 161 2096 304 2169; x_wconf 91' lang='lat' dir='ltr'>titulum</span> <span class='ocrx_word' id='word_1_208' title='bbox 322 2098 379 2167; x_wconf 89' lang='lat' dir='ltr'>cui</span> <span class='ocrx_word' id='word_1_209' title='bbox 395 2098 492 2167; x_wconf 89' lang='lat' dir='ltr'>dedit</span> <span class='ocrx_word' id='word_1_210' title='bbox 508 2097 582 2189; x_wconf 88' lang='lat' dir='ltr'>ipse</span> <span class='ocrx_word' id='word_1_211' title='bbox 598 2098 662 2167; x_wconf 89' lang='lat' dir='ltr'>sui.</span> <span class='ocrx_word' id='word_1_212' title='bbox 1062 2091 1233 2186; x_wconf 90' lang='lat' dir='ltr'>Corporis</span> <span class='ocrx_word' id='word_1_213' title='bbox 1247 2119 1266 2165; x_wconf 92' lang='lat' dir='ltr'>e</span> <span class='ocrx_word' id='word_1_214' title='bbox 1285 2095 1410 2167; x_wconf 87' lang='lat' dir='ltr'>vinclis</span> <span class='ocrx_word' id='word_1_215' title='bbox 1424 2099 1569 2192; x_wconf 91' lang='lat' dir='ltr'>quaudo</span> <span class='ocrx_word' id='word_1_216' title='bbox 1588 2098 1701 2168; x_wconf 88' lang='lat' dir='ltr'>soluta</span> <span class='ocrx_word' id='word_1_217' title='bbox 1717 2098 1818 2187; x_wconf 86' lang='lat' dir='ltr'>fugit.</span> 
     </span>
     <span class='ocr_line' id='line_1_20' title="bbox 94 2192 1929 2291; baseline -0.005 -18"><span class='ocrx_word' id='word_1_218' title='bbox 94 2194 263 2291; x_wconf 75' lang='lat' dir='ltr'>isangelii</span> <span class='ocrx_word' id='word_1_219' title='bbox 281 2199 443 2269; x_wconf 86' lang='lat' dir='ltr'>custodes</span> <span class='ocrx_word' id='word_1_220' title='bbox 458 2224 596 2290; x_wconf 88' lang='lat' dir='ltr'>semper</span> <span class='ocrx_word' id='word_1_221' title='bbox 615 2192 751 2285; x_wconf 85' lang='lat' dir='ltr'>haberi,</span> <span class='ocrx_word' id='word_1_222' title='bbox 1013 2195 1290 2291; x_wconf 87' lang='lat' dir='ltr'>Proponensque</span> <span class='ocrx_word' id='word_1_223' title='bbox 1307 2199 1410 2268; x_wconf 90' lang='lat' dir='ltr'>malis</span> <span class='ocrx_word' id='word_1_224' title='bbox 1428 2221 1576 2289; x_wconf 89' lang='lat' dir='ltr'>poenas,</span> <span class='ocrx_word' id='word_1_225' title='bbox 1601 2213 1636 2269; x_wconf 91' lang='lat' dir='ltr'>et</span> <span class='ocrx_word' id='word_1_226' title='bbox 1653 2199 1805 2290; x_wconf 89' lang='lat' dir='ltr'>praemia</span> <span class='ocrx_word' id='word_1_227' title='bbox 1826 2192 1929 2268; x_wconf 88' lang='lat' dir='ltr'>iustis</span> 
     </span>
     <span class='ocr_line' id='line_1_21' title="bbox 95 2292 1689 2392; baseline -0.001 -19"><span class='ocrx_word' id='word_1_228' title='bbox 95 2301 159 2373; x_wconf 85' lang='lat' dir='ltr'>itia</span> <span class='ocrx_word' id='word_1_229' title='bbox 173 2301 287 2373; x_wconf 90' lang='lat' dir='ltr'>socios</span> <span class='ocrx_word' id='word_1_230' title='bbox 302 2324 441 2392; x_wconf 86' lang='lat' dir='ltr'>semper</span> <span class='ocrx_word' id='word_1_231' title='bbox 453 2316 488 2371; x_wconf 87' lang='lat' dir='ltr'>et</span> <span class='ocrx_word' id='word_1_232' title='bbox 502 2325 575 2370; x_wconf 88' lang='lat' dir='ltr'>esse</span> <span class='ocrx_word' id='word_1_233' title='bbox 592 2324 686 2374; x_wconf 85' lang='lat' dir='ltr'>suae.</span> <span class='ocrx_word' id='word_1_234' title='bbox 1064 2296 1227 2369; x_wconf 82' lang='lat' dir='ltr'>Arbitrio</span> <span class='ocrx_word' id='word_1_235' title='bbox 1246 2292 1329 2369; x_wconf 83' lang='lat' dir='ltr'>vero</span> <span class='ocrx_word' id='word_1_236' title='bbox 1345 2301 1590 2373; x_wconf 88' lang='lat' dir='ltr'>distribuenda</span> <span class='ocrx_word' id='word_1_237' title='bbox 1606 2301 1689 2373; x_wconf 87' lang='lat' dir='ltr'>Dei:</span> 
     </span>
    </p>

    <p class='ocr_par' dir='ltr' id='par_1_13' title="bbox 94 2393 2003 2802">
     <span class='ocr_line' id='line_1_22' title="bbox 94 2393 2003 2497; baseline -0.006 -24"><span class='ocrx_word' id='word_1_238' title='bbox 94 2415 193 2477; x_wconf 83' lang='lat' dir='ltr'>nater</span> <span class='ocrx_word' id='word_1_239' title='bbox 208 2415 312 2473; x_wconf 81' lang='lat' dir='ltr'>vocat</span> <span class='ocrx_word' id='word_1_240' title='bbox 327 2400 393 2470; x_wconf 90' lang='lat' dir='ltr'>hos</span> <span class='ocrx_word' id='word_1_241' title='bbox 409 2398 565 2472; x_wconf 79' lang='lat' dir='ltr'>Ecclesia</span> <span class='ocrx_word' id='word_1_242' title='bbox 583 2402 728 2472; x_wconf 91' lang='lat' dir='ltr'>nomine</span> <span class='ocrx_word' id='word_1_243' title='bbox 742 2398 889 2492; x_wconf 86' lang='lat' dir='ltr'>Christi,</span> <span class='ocrx_word' id='word_1_244' title='bbox 1015 2396 1188 2471; x_wconf 83' lang='lat' dir='ltr'>iustitiam</span> <span class='ocrx_word' id='word_1_245' title='bbox 1203 2416 1386 2484; x_wconf 80' lang='lat' dir='ltr'>monstrat,</span> <span class='ocrx_word' id='word_1_246' title='bbox 1407 2425 1512 2497; x_wconf 90' lang='lat' dir='ltr'>quam</span> <span class='ocrx_word' id='word_1_247' title='bbox 1520 2398 1654 2473; x_wconf 84' lang='lat' dir='ltr'>Christi</span> <span class='ocrx_word' id='word_1_248' title='bbox 1672 2415 1814 2497; x_wconf 89' lang='lat' dir='ltr'>propter</span> <span class='ocrx_word' id='word_1_249' title='bbox 1828 2393 2003 2468; x_wconf 86' lang='lat' dir='ltr'>honorem</span> 
     </span>
     <span class='ocr_line' id='line_1_23' title="bbox 94 2498 1923 2599; baseline -0.003 -23"><span class='ocrx_word' id='word_1_250' title='bbox 94 2506 174 2577; x_wconf 88' lang='lat' dir='ltr'>udat</span> <span class='ocrx_word' id='word_1_251' title='bbox 188 2519 222 2575; x_wconf 92' lang='lat' dir='ltr'>et</span> <span class='ocrx_word' id='word_1_252' title='bbox 239 2503 403 2595; x_wconf 86' lang='lat' dir='ltr'>imposita</span> <span class='ocrx_word' id='word_1_253' title='bbox 418 2528 566 2574; x_wconf 88' lang='lat' dir='ltr'>munera</span> <span class='ocrx_word' id='word_1_254' title='bbox 586 2527 682 2573; x_wconf 89' lang='lat' dir='ltr'>sacra</span> <span class='ocrx_word' id='word_1_255' title='bbox 700 2528 825 2577; x_wconf 90' lang='lat' dir='ltr'>mauu:</span> <span class='ocrx_word' id='word_1_256' title='bbox 1062 2498 1239 2573; x_wconf 84' lang='lat' dir='ltr'>Aeteruus</span> <span class='ocrx_word' id='word_1_257' title='bbox 1255 2503 1358 2572; x_wconf 90' lang='lat' dir='ltr'>uobis</span> <span class='ocrx_word' id='word_1_258' title='bbox 1372 2505 1434 2575; x_wconf 88' lang='lat' dir='ltr'>dat</span> <span class='ocrx_word' id='word_1_259' title='bbox 1449 2519 1564 2595; x_wconf 89' lang='lat' dir='ltr'>pater,</span> <span class='ocrx_word' id='word_1_260' title='bbox 1590 2519 1695 2599; x_wconf 88' lang='lat' dir='ltr'>atque</span> <span class='ocrx_word' id='word_1_261' title='bbox 1710 2503 1849 2597; x_wconf 82' lang='lat' dir='ltr'>probat.</span> <span class='ocrx_word' id='word_1_262' title='bbox 1922 2526 1923 2531; x_wconf 46' lang='lat'>¹</span> 
     </span>
     <span class='ocr_line' id='line_1_24' title="bbox 94 2601 1866 2700; baseline -0.003 -22"><span class='ocrx_word' id='word_1_263' title='bbox 94 2606 160 2680; x_wconf 87' lang='lat' dir='ltr'>uiti</span> <span class='ocrx_word' id='word_1_264' title='bbox 175 2607 312 2677; x_wconf 87' lang='lat' dir='ltr'>discant</span> <span class='ocrx_word' id='word_1_265' title='bbox 325 2605 427 2676; x_wconf 85' lang='lat' dir='ltr'>istius</span> <span class='ocrx_word' id='word_1_266' title='bbox 442 2604 596 2696; x_wconf 83' lang='lat' dir='ltr'>imagine</span> <span class='ocrx_word' id='word_1_267' title='bbox 611 2604 711 2692; x_wconf 87' lang='lat' dir='ltr'>ritus,</span> <span class='ocrx_word' id='word_1_268' title='bbox 1013 2601 1149 2674; x_wconf 81' lang='lat' dir='ltr'>luteres</span> <span class='ocrx_word' id='word_1_269' title='bbox 1168 2629 1325 2695; x_wconf 89' lang='lat' dir='ltr'>pugnae,</span> <span class='ocrx_word' id='word_1_270' title='bbox 1351 2607 1548 2700; x_wconf 88' lang='lat' dir='ltr'>pugnisque</span> <span class='ocrx_word' id='word_1_271' title='bbox 1565 2609 1720 2698; x_wconf 86' lang='lat' dir='ltr'>pericula</span> <span class='ocrx_word' id='word_1_272' title='bbox 1735 2606 1866 2688; x_wconf 87' lang='lat' dir='ltr'>iuncta,</span> 
     </span>
     <span class='ocr_line' id='line_1_25' title="bbox 103 2702 1891 2802; baseline -0.003 -21"><span class='ocrx_word' id='word_1_273' title='bbox 103 2711 194 2782; x_wconf 88' lang='lat' dir='ltr'>ordo</span> <span class='ocrx_word' id='word_1_274' title='bbox 210 2721 384 2802; x_wconf 89' lang='lat' dir='ltr'>quantum</span> <span class='ocrx_word' id='word_1_275' title='bbox 400 2707 610 2799; x_wconf 89' lang='lat' dir='ltr'>polliceatur</span> <span class='ocrx_word' id='word_1_276' title='bbox 625 2732 726 2799; x_wconf 83' lang='lat' dir='ltr'>opus.</span> <span class='ocrx_word' id='word_1_277' title='bbox 1062 2702 1154 2776; x_wconf 87' lang='lat' dir='ltr'>Tam</span> <span class='ocrx_word' id='word_1_278' title='bbox 1169 2707 1276 2797; x_wconf 85' lang='lat' dir='ltr'>longo</span> <span class='ocrx_word' id='word_1_279' title='bbox 1293 2723 1454 2780; x_wconf 81' lang='lat' dir='ltr'>exercent</span> <span class='ocrx_word' id='word_1_280' title='bbox 1469 2721 1628 2799; x_wconf 84' lang='lat' dir='ltr'>tempore</span> <span class='ocrx_word' id='word_1_281' title='bbox 1645 2709 1743 2778; x_wconf 91' lang='lat' dir='ltr'>mille</span> <span class='ocrx_word' id='word_1_282' title='bbox 1760 2704 1891 2776; x_wconf 74' lang='lat' dir='ltr'>vinam.</span> 
     </span>
    </p>

    <p class='ocr_par' dir='ltr' id='par_1_14' title="bbox 94 2800 1914 3208">
     <span class='ocr_line' id='line_1_26' title="bbox 94 2800 1914 2903; baseline 0.003 -27"><span class='ocrx_word' id='word_1_283' title='bbox 94 2834 139 2882; x_wconf 88' lang='lat' dir='ltr'>us</span> <span class='ocrx_word' id='word_1_284' title='bbox 153 2825 235 2880; x_wconf 89' lang='lat' dir='ltr'>ante</span> <span class='ocrx_word' id='word_1_285' title='bbox 250 2833 329 2880; x_wconf 86' lang='lat' dir='ltr'>aras</span> <span class='ocrx_word' id='word_1_286' title='bbox 346 2811 524 2903; x_wconf 89' lang='lat' dir='ltr'>quondam</span> <span class='ocrx_word' id='word_1_287' title='bbox 542 2823 674 2880; x_wconf 88' lang='lat' dir='ltr'>sacrata</span> <span class='ocrx_word' id='word_1_288' title='bbox 691 2808 849 2896; x_wconf 88' lang='lat' dir='ltr'>cadebat,</span> <span class='ocrx_word' id='word_1_289' title='bbox 1011 2800 1106 2876; x_wconf 87' lang='lat' dir='ltr'>Dum</span> <span class='ocrx_word' id='word_1_290' title='bbox 1126 2810 1268 2878; x_wconf 87' lang='lat' dir='ltr'>tandem</span> <span class='ocrx_word' id='word_1_291' title='bbox 1285 2810 1441 2880; x_wconf 88' lang='lat' dir='ltr'>ferienda</span> <span class='ocrx_word' id='word_1_292' title='bbox 1459 2811 1557 2881; x_wconf 90' lang='lat' dir='ltr'>dedit</span> <span class='ocrx_word' id='word_1_293' title='bbox 1574 2833 1636 2881; x_wconf 88' lang='lat' dir='ltr'>sua</span> <span class='ocrx_word' id='word_1_294' title='bbox 1652 2811 1743 2881; x_wconf 87' lang='lat' dir='ltr'>colla</span> <span class='ocrx_word' id='word_1_295' title='bbox 1764 2803 1914 2893; x_wconf 69' lang='lat' dir='ltr'>Neronis</span> 
     </span>
     <span class='ocr_line' id='line_1_27' title="bbox 94 2905 1794 3003; baseline -0.006 -19"><span class='ocrx_word' id='word_1_296' title='bbox 94 2929 131 2984; x_wconf 85' lang='lat' dir='ltr'>ta</span> <span class='ocrx_word' id='word_1_297' title='bbox 145 2909 222 2983; x_wconf 94' lang='lat' dir='ltr'>Deo</span> <span class='ocrx_word' id='word_1_298' title='bbox 238 2925 278 2983; x_wconf 90' lang='lat' dir='ltr'>ut</span> <span class='ocrx_word' id='word_1_299' title='bbox 293 2913 415 2981; x_wconf 85' lang='lat' dir='ltr'>fierent</span> <span class='ocrx_word' id='word_1_300' title='bbox 430 2911 562 2981; x_wconf 83' lang='lat' dir='ltr'>viscera</span> <span class='ocrx_word' id='word_1_301' title='bbox 577 2912 693 2981; x_wconf 87' lang='lat' dir='ltr'>suavis</span> <span class='ocrx_word' id='word_1_302' title='bbox 709 2914 816 2982; x_wconf 75' lang='lat' dir='ltr'>odors</span> <span class='ocrx_word' id='word_1_303' title='bbox 1062 2905 1111 2978; x_wconf 89' lang='lat' dir='ltr'>Et</span> <span class='ocrx_word' id='word_1_304' title='bbox 1126 2909 1234 2982; x_wconf 85' lang='lat' dir='ltr'>iacuit</span> <span class='ocrx_word' id='word_1_305' title='bbox 1247 2925 1416 3003; x_wconf 90' lang='lat' dir='ltr'>tanquam</span> <span class='ocrx_word' id='word_1_306' title='bbox 1431 2910 1500 2981; x_wconf 87' lang='lat' dir='ltr'>vile</span> <span class='ocrx_word' id='word_1_307' title='bbox 1515 2915 1664 2982; x_wconf 85' lang='lat' dir='ltr'>cadaver</span> <span class='ocrx_word' id='word_1_308' title='bbox 1682 2908 1794 2982; x_wconf 89' lang='lat' dir='ltr'>humi.</span> 
     </span>
     <span class='ocr_line' id='line_1_28' title="bbox 94 3006 1894 3109; baseline -0.004 -24"><span class='ocrx_word' id='word_1_309' title='bbox 94 3013 312 3088; x_wconf 82' lang='lat' dir='ltr'>resitetiam</span> <span class='ocrx_word' id='word_1_310' title='bbox 329 3006 472 3083; x_wconf 91' lang='lat' dir='ltr'>Christo</span> <span class='ocrx_word' id='word_1_311' title='bbox 486 3013 524 3083; x_wconf 87' lang='lat' dir='ltr'>lit</span> <span class='ocrx_word' id='word_1_312' title='bbox 540 3014 689 3109; x_wconf 87' lang='lat' dir='ltr'>quisque</span> <span class='ocrx_word' id='word_1_313' title='bbox 705 3015 878 3098; x_wconf 89' lang='lat' dir='ltr'>sacerdos,</span> <span class='ocrx_word' id='word_1_314' title='bbox 1012 3009 1139 3081; x_wconf 85' lang='lat' dir='ltr'>Nostra</span> <span class='ocrx_word' id='word_1_315' title='bbox 1156 3013 1260 3082; x_wconf 88' lang='lat' dir='ltr'>etiam</span> <span class='ocrx_word' id='word_1_316' title='bbox 1274 3013 1364 3082; x_wconf 84' lang='lat' dir='ltr'>vidit</span> <span class='ocrx_word' id='word_1_317' title='bbox 1380 3037 1581 3108; x_wconf 87' lang='lat' dir='ltr'>quanquam</span> <span class='ocrx_word' id='word_1_318' title='bbox 1597 3013 1774 3083; x_wconf 76' lang='lat' dir='ltr'>infelicior</span> <span class='ocrx_word' id='word_1_319' title='bbox 1789 3022 1894 3093; x_wconf 89' lang='lat' dir='ltr'>aetas,</span> 
     </span>
     <span class='ocr_line' id='line_1_29' title="bbox 94 3108 1799 3208; baseline -0.001 -20"><span class='ocrx_word' id='word_1_320' title='bbox 94 3108 206 3189; x_wconf 74' lang='lat' dir='ltr'>idibus</span> <span class='ocrx_word' id='word_1_321' title='bbox 221 3129 261 3186; x_wconf 88' lang='lat' dir='ltr'>ut</span> <span class='ocrx_word' id='word_1_322' title='bbox 277 3116 432 3205; x_wconf 80' lang='lat' dir='ltr'>fragrent</span> <span class='ocrx_word' id='word_1_323' title='bbox 448 3129 561 3199; x_wconf 86' lang='lat' dir='ltr'>terra,</span> <span class='ocrx_word' id='word_1_324' title='bbox 582 3109 757 3208; x_wconf 80' lang='lat' dir='ltr'>polusque</span> <span class='ocrx_word' id='word_1_325' title='bbox 769 3112 847 3187; x_wconf 87' lang='lat' dir='ltr'>Dei.</span> <span class='ocrx_word' id='word_1_326' title='bbox 1062 3109 1136 3200; x_wconf 87' lang='lat' dir='ltr'>Qui</span> <span class='ocrx_word' id='word_1_327' title='bbox 1153 3115 1243 3184; x_wconf 89' lang='lat' dir='ltr'>vitae</span> <span class='ocrx_word' id='word_1_328' title='bbox 1258 3109 1440 3185; x_wconf 87' lang='lat' dir='ltr'>Christum</span> <span class='ocrx_word' id='word_1_329' title='bbox 1455 3140 1689 3208; x_wconf 85' lang='lat' dir='ltr'>praeposuere</span> <span class='ocrx_word' id='word_1_330' title='bbox 1703 3136 1799 3187; x_wconf 80' lang='lat' dir='ltr'>suae.</span> 
     </span>
    </p>

    <p class='ocr_par' dir='ltr' id='par_1_15' title="bbox 94 3207 1876 3308">
     <span class='ocr_line' id='line_1_30' title="bbox 94 3207 1876 3308; baseline -0.004 -17"><span class='ocrx_word' id='word_1_331' title='bbox 94 3219 176 3293; x_wconf 75' lang='lat' dir='ltr'>lbet</span> <span class='ocrx_word' id='word_1_332' title='bbox 193 3232 353 3289; x_wconf 88' lang='lat' dir='ltr'>tenerum</span> <span class='ocrx_word' id='word_1_333' title='bbox 380 3240 467 3308; x_wconf 88' lang='lat' dir='ltr'>pure</span> <span class='ocrx_word' id='word_1_334' title='bbox 483 3229 693 3295; x_wconf 76' lang='lat' dir='ltr'>mactaverat</span> <span class='ocrx_word' id='word_1_335' title='bbox 713 3239 857 3306; x_wconf 88' lang='lat' dir='ltr'>agnum,</span> <span class='ocrx_word' id='word_1_336' title='bbox 1011 3209 1080 3283; x_wconf 92' lang='lat' dir='ltr'>Hic</span> <span class='ocrx_word' id='word_1_337' title='bbox 1095 3216 1156 3285; x_wconf 90' lang='lat' dir='ltr'>ubi</span> <span class='ocrx_word' id='word_1_338' title='bbox 1172 3216 1287 3286; x_wconf 86' lang='lat' dir='ltr'>diviso</span> <span class='ocrx_word' id='word_1_339' title='bbox 1303 3217 1518 3288; x_wconf 88' lang='lat' dir='ltr'>Batavorum</span> <span class='ocrx_word' id='word_1_340' title='bbox 1536 3235 1587 3289; x_wconf 85' lang='lat' dir='ltr'>est</span> <span class='ocrx_word' id='word_1_341' title='bbox 1601 3219 1717 3289; x_wconf 89' lang='lat' dir='ltr'>insula</span> <span class='ocrx_word' id='word_1_342' title='bbox 1734 3207 1876 3293; x_wconf 79' lang='lat' dir='ltr'>Rheno,</span> 
     </span>
    </p>

    <p class='ocr_par' dir='ltr' id='par_1_16' title="bbox 93 3311 1875 3411">
     <span class='ocr_line' id='line_1_31' title="bbox 93 3311 1875 3411; baseline -0.002 -19"><span class='ocrx_word' id='word_1_343' title='bbox 93 3343 147 3392; x_wconf 83' lang='lat' dir='ltr'>rus</span> <span class='ocrx_word' id='word_1_344' title='bbox 162 3331 198 3391; x_wconf 87' lang='lat' dir='ltr'>at</span> <span class='ocrx_word' id='word_1_345' title='bbox 211 3317 318 3391; x_wconf 82' lang='lat' dir='ltr'>exitio</span> <span class='ocrx_word' id='word_1_346' title='bbox 334 3342 415 3387; x_wconf 85' lang='lat' dir='ltr'>mox</span> <span class='ocrx_word' id='word_1_347' title='bbox 431 3318 535 3389; x_wconf 88' lang='lat' dir='ltr'>datus</span> <span class='ocrx_word' id='word_1_348' title='bbox 551 3317 625 3408; x_wconf 90' lang='lat' dir='ltr'>ipse</span> <span class='ocrx_word' id='word_1_349' title='bbox 639 3317 720 3393; x_wconf 83' lang='lat' dir='ltr'>fuit.</span> <span class='ocrx_word' id='word_1_350' title='bbox 1062 3317 1283 3387; x_wconf 86' lang='lat' dir='ltr'>Suduaniam</span> <span class='ocrx_word' id='word_1_351' title='bbox 1300 3319 1339 3388; x_wconf 91' lang='lat' dir='ltr'>in</span> <span class='ocrx_word' id='word_1_352' title='bbox 1355 3319 1432 3411; x_wconf 91' lang='lat' dir='ltr'>ripa</span> <span class='ocrx_word' id='word_1_353' title='bbox 1448 3321 1537 3390; x_wconf 89' lang='lat' dir='ltr'>dure</span> <span class='ocrx_word' id='word_1_354' title='bbox 1554 3318 1738 3391; x_wconf 87' lang='lat' dir='ltr'>Sicamher</span> <span class='ocrx_word' id='word_1_355' title='bbox 1753 3311 1875 3388; x_wconf 81' lang='lat' dir='ltr'>habes.</span> 
     </span>
    </p>

    <p class='ocr_par' dir='ltr' id='par_1_17' title="bbox 94 3409 1977 3616">
     <span class='ocr_line' id='line_1_32' title="bbox 94 3409 1977 3517; baseline -0.004 -22"><span class='ocrx_word' id='word_1_356' title='bbox 94 3424 130 3495; x_wconf 92' lang='lat' dir='ltr'>io</span> <span class='ocrx_word' id='word_1_357' title='bbox 145 3422 275 3517; x_wconf 90' lang='lat' dir='ltr'>patrias</span> <span class='ocrx_word' id='word_1_358' title='bbox 294 3415 416 3490; x_wconf 80' lang='lat' dir='ltr'>Esaias</span> <span class='ocrx_word' id='word_1_359' title='bbox 430 3419 519 3489; x_wconf 81' lang='lat' dir='ltr'>rexit</span> <span class='ocrx_word' id='word_1_360' title='bbox 534 3415 701 3501; x_wconf 87' lang='lat' dir='ltr'>habenas,</span> <span class='ocrx_word' id='word_1_361' title='bbox 1013 3414 1110 3487; x_wconf 88' lang='lat' dir='ltr'>Haec</span> <span class='ocrx_word' id='word_1_362' title='bbox 1133 3419 1217 3489; x_wconf 87' lang='lat' dir='ltr'>tulit</span> <span class='ocrx_word' id='word_1_363' title='bbox 1231 3419 1426 3491; x_wconf 80' lang='lat' dir='ltr'>Hauricum</span> <span class='ocrx_word' id='word_1_364' title='bbox 1444 3422 1574 3505; x_wconf 89' lang='lat' dir='ltr'>civem,</span> <span class='ocrx_word' id='word_1_365' title='bbox 1600 3446 1704 3512; x_wconf 90' lang='lat' dir='ltr'>quem</span> <span class='ocrx_word' id='word_1_366' title='bbox 1719 3418 1875 3490; x_wconf 78' lang='lat' dir='ltr'>vidimus</span> <span class='ocrx_word' id='word_1_367' title='bbox 1898 3409 1977 3504; x_wconf 73' lang='lat' dir='ltr'>ipsi,</span> 
     </span>
     <span class='ocr_line' id='line_1_33' title="bbox 94 3517 1795 3616; baseline -0.003 -21"><span class='ocrx_word' id='word_1_368' title='bbox 94 3523 230 3615; x_wconf 78' lang='lat' dir='ltr'>repidis</span> <span class='ocrx_word' id='word_1_369' title='bbox 246 3535 369 3615; x_wconf 88' lang='lat' dir='ltr'>portus</span> <span class='ocrx_word' id='word_1_370' title='bbox 385 3520 522 3590; x_wconf 85' lang='lat' dir='ltr'>civibus</span> <span class='ocrx_word' id='word_1_371' title='bbox 537 3521 598 3591; x_wconf 89' lang='lat' dir='ltr'>ille</span> <span class='ocrx_word' id='word_1_372' title='bbox 615 3520 694 3595; x_wconf 89' lang='lat' dir='ltr'>fuit.</span> <span class='ocrx_word' id='word_1_373' title='bbox 1063 3517 1266 3592; x_wconf 66' lang='lat' dir='ltr'>florentem</span> <span class='ocrx_word' id='word_1_374' title='bbox 1285 3522 1429 3606; x_wconf 87' lang='lat' dir='ltr'>studiis,</span> <span class='ocrx_word' id='word_1_375' title='bbox 1454 3522 1661 3616; x_wconf 83' lang='lat' dir='ltr'>ingeniique</span> <span class='ocrx_word' id='word_1_376' title='bbox 1679 3520 1795 3592; x_wconf 90' lang='lat' dir='ltr'>bouis.</span> 
     </span>
    </p>

    <p class='ocr_par' dir='ltr' id='par_1_18' title="bbox 94 3615 1827 3720">
     <span class='ocr_line' id='line_1_34' title="bbox 94 3615 1827 3720; baseline -0.003 -22"><span class='ocrx_word' id='word_1_377' title='bbox 94 3627 118 3701; x_wconf 84' lang='lat' dir='ltr'>it</span> <span class='ocrx_word' id='word_1_378' title='bbox 134 3623 320 3720; x_wconf 81' lang='lat' dir='ltr'>Assyrium</span> <span class='ocrx_word' id='word_1_379' title='bbox 337 3620 493 3717; x_wconf 87' lang='lat' dir='ltr'>Solymis</span> <span class='ocrx_word' id='word_1_380' title='bbox 506 3647 525 3692; x_wconf 89' lang='lat' dir='ltr'>a</span> <span class='ocrx_word' id='word_1_381' title='bbox 543 3624 733 3695; x_wconf 88' lang='lat' dir='ltr'>moenibus</span> <span class='ocrx_word' id='word_1_382' title='bbox 748 3615 899 3710; x_wconf 89' lang='lat' dir='ltr'>hostem,</span> <span class='ocrx_word' id='word_1_383' title='bbox 1010 3617 1081 3691; x_wconf 87' lang='lat' dir='ltr'>Hie</span> <span class='ocrx_word' id='word_1_384' title='bbox 1096 3634 1172 3692; x_wconf 90' lang='lat' dir='ltr'>toto</span> <span class='ocrx_word' id='word_1_385' title='bbox 1185 3617 1319 3694; x_wconf 88' lang='lat' dir='ltr'>Christi</span> <span class='ocrx_word' id='word_1_386' title='bbox 1333 3623 1488 3716; x_wconf 87' lang='lat' dir='ltr'>spirabat</span> <span class='ocrx_word' id='word_1_387' title='bbox 1504 3636 1644 3718; x_wconf 87' lang='lat' dir='ltr'>pectore</span> <span class='ocrx_word' id='word_1_388' title='bbox 1657 3645 1827 3703; x_wconf 82' lang='lat' dir='ltr'>amorem.</span> 
     </span>
    </p>

    <p class='ocr_par' dir='ltr' id='par_1_19' title="bbox 94 3719 1738 3819">
     <span class='ocr_line' id='line_1_35' title="bbox 94 3719 1738 3819; baseline -0.004 -17"><span class='ocrx_word' id='word_1_389' title='bbox 94 3727 157 3802; x_wconf 87' lang='lat' dir='ltr'>tori</span> <span class='ocrx_word' id='word_1_390' title='bbox 173 3748 311 3819; x_wconf 83' lang='lat' dir='ltr'>porsena</span> <span class='ocrx_word' id='word_1_391' title='bbox 326 3723 421 3795; x_wconf 89' lang='lat' dir='ltr'>clara</span> <span class='ocrx_word' id='word_1_392' title='bbox 437 3720 605 3816; x_wconf 88' lang='lat' dir='ltr'>trophaea</span> <span class='ocrx_word' id='word_1_393' title='bbox 620 3723 707 3797; x_wconf 87' lang='lat' dir='ltr'>Deo.</span> <span class='ocrx_word' id='word_1_394' title='bbox 1061 3719 1130 3793; x_wconf 90' lang='lat' dir='ltr'>Cui</span> <span class='ocrx_word' id='word_1_395' title='bbox 1145 3725 1281 3798; x_wconf 86' lang='lat' dir='ltr'>studuit</span> <span class='ocrx_word' id='word_1_396' title='bbox 1294 3749 1376 3796; x_wconf 88' lang='lat' dir='ltr'>vera</span> <span class='ocrx_word' id='word_1_397' title='bbox 1393 3727 1543 3798; x_wconf 85' lang='lat' dir='ltr'>reddere</span> <span class='ocrx_word' id='word_1_398' title='bbox 1558 3740 1640 3799; x_wconf 77' lang='lat' dir='ltr'>sota</span> <span class='ocrx_word' id='word_1_399' title='bbox 1658 3726 1738 3798; x_wconf 82' lang='lat' dir='ltr'>bde.</span> 
     </span>
    </p>

    <p class='ocr_par' dir='ltr' id='par_1_20' title="bbox 94 3820 1763 3922">
     <span class='ocr_line' id='line_1_36' title="bbox 94 3820 1763 3922; baseline -0.002 -20"><span class='ocrx_word' id='word_1_400' title='bbox 94 3855 115 3902; x_wconf 89' lang='lat' dir='ltr'>e</span> <span class='ocrx_word' id='word_1_401' title='bbox 129 3853 234 3902; x_wconf 80' lang='lat' dir='ltr'>senes</span> <span class='ocrx_word' id='word_1_402' title='bbox 252 3840 394 3898; x_wconf 88' lang='lat' dir='ltr'>eentum</span> <span class='ocrx_word' id='word_1_403' title='bbox 412 3826 503 3898; x_wconf 89' lang='lat' dir='ltr'>vitae</span> <span class='ocrx_word' id='word_1_404' title='bbox 518 3829 716 3898; x_wconf 88' lang='lat' dir='ltr'>confecerat</span> <span class='ocrx_word' id='word_1_405' title='bbox 727 3830 857 3910; x_wconf 62' lang='lat' dir='ltr'>&#39;aunon</span> <span class='ocrx_word' id='word_1_406' title='bbox 1010 3820 1221 3920; x_wconf 80' lang='lat' dir='ltr'>Eximiaqne</span> <span class='ocrx_word' id='word_1_407' title='bbox 1235 3850 1318 3898; x_wconf 91' lang='lat' dir='ltr'>suos</span> <span class='ocrx_word' id='word_1_408' title='bbox 1329 3851 1446 3918; x_wconf 86' lang='lat' dir='ltr'>mores</span> <span class='ocrx_word' id='word_1_409' title='bbox 1461 3829 1590 3922; x_wconf 80' lang='lat' dir='ltr'>pietate</span> <span class='ocrx_word' id='word_1_410' title='bbox 1610 3829 1763 3918; x_wconf 86' lang='lat' dir='ltr'>regebat,</span> 
     </span>
    </p>

    <p class='ocr_par' dir='ltr' id='par_1_21' title="bbox 94 3923 2002 4226">
     <span class='ocr_line' id='line_1_37' title="bbox 94 3923 1854 4024; baseline -0.003 -21"><span class='ocrx_word' id='word_1_411' title='bbox 94 3957 111 4003; x_wconf 90' lang='lat' dir='ltr'>u</span> <span class='ocrx_word' id='word_1_412' title='bbox 125 3954 222 4003; x_wconf 87' lang='lat' dir='ltr'>serra</span> <span class='ocrx_word' id='word_1_413' title='bbox 238 3929 365 4000; x_wconf 88' lang='lat' dir='ltr'>scissus</span> <span class='ocrx_word' id='word_1_414' title='bbox 379 3926 520 3999; x_wconf 87' lang='lat' dir='ltr'>victima</span> <span class='ocrx_word' id='word_1_415' title='bbox 537 3941 571 3998; x_wconf 93' lang='lat' dir='ltr'>et</span> <span class='ocrx_word' id='word_1_416' title='bbox 585 3927 659 4020; x_wconf 90' lang='lat' dir='ltr'>ipse</span> <span class='ocrx_word' id='word_1_417' title='bbox 673 3929 753 4001; x_wconf 85' lang='lat' dir='ltr'>fuit.</span> <span class='ocrx_word' id='word_1_418' title='bbox 1063 3923 1247 4000; x_wconf 85' lang='lat' dir='ltr'>Virtutum</span> <span class='ocrx_word' id='word_1_419' title='bbox 1264 3930 1464 4022; x_wconf 83' lang='lat' dir='ltr'>exemplum</span> <span class='ocrx_word' id='word_1_420' title='bbox 1480 3947 1596 4024; x_wconf 88' lang='lat' dir='ltr'>posset</span> <span class='ocrx_word' id='word_1_421' title='bbox 1610 3946 1651 4003; x_wconf 87' lang='lat' dir='ltr'>ut</span> <span class='ocrx_word' id='word_1_422' title='bbox 1666 3931 1752 4005; x_wconf 87' lang='lat' dir='ltr'>iude</span> <span class='ocrx_word' id='word_1_423' title='bbox 1764 3926 1854 4022; x_wconf 85' lang='lat' dir='ltr'>capi.</span> 
     </span>
     <span class='ocr_line' id='line_1_38' title="bbox 98 4025 2002 4129; baseline -0.003 -24"><span class='ocrx_word' id='word_1_424' title='bbox 98 4047 212 4129; x_wconf 87' lang='lat' dir='ltr'>potest</span> <span class='ocrx_word' id='word_1_425' title='bbox 223 4054 417 4115; x_wconf 80' lang='lat' dir='ltr'>memorare</span> <span class='ocrx_word' id='word_1_426' title='bbox 425 4053 562 4114; x_wconf 89' lang='lat' dir='ltr'>omues,</span> <span class='ocrx_word' id='word_1_427' title='bbox 577 4031 813 4122; x_wconf 85' lang='lat' dir='ltr'>spectabimus</span> <span class='ocrx_word' id='word_1_428' title='bbox 824 4056 959 4121; x_wconf 87' lang='lat' dir='ltr'>omnes,</span> <span class='ocrx_word' id='word_1_429' title='bbox 1012 4025 1196 4122; x_wconf 87' lang='lat' dir='ltr'>Quicquid</span> <span class='ocrx_word' id='word_1_430' title='bbox 1213 4033 1248 4102; x_wconf 93' lang='lat' dir='ltr'>id</span> <span class='ocrx_word' id='word_1_431' title='bbox 1265 4046 1335 4117; x_wconf 91' lang='lat' dir='ltr'>est,</span> <span class='ocrx_word' id='word_1_432' title='bbox 1360 4034 1456 4126; x_wconf 90' lang='lat' dir='ltr'>quod</span> <span class='ocrx_word' id='word_1_433' title='bbox 1473 4037 1518 4103; x_wconf 91' lang='lat' dir='ltr'>de</span> <span class='ocrx_word' id='word_1_434' title='bbox 1539 4047 1665 4104; x_wconf 87' lang='lat' dir='ltr'>natura</span> <span class='ocrx_word' id='word_1_435' title='bbox 1682 4029 1833 4103; x_wconf 86' lang='lat' dir='ltr'>Graecia</span> <span class='ocrx_word' id='word_1_436' title='bbox 1850 4027 2002 4122; x_wconf 86' lang='lat' dir='ltr'>scripsit,</span> 
     </span>
     <span class='ocr_line' id='line_1_39' title="bbox 94 4126 1767 4226; baseline 0.001 -19"><span class='ocrx_word' id='word_1_437' title='bbox 94 4133 223 4207; x_wconf 82' lang='lat' dir='ltr'>uDeus</span> <span class='ocrx_word' id='word_1_438' title='bbox 239 4132 397 4203; x_wconf 88' lang='lat' dir='ltr'>induerit</span> <span class='ocrx_word' id='word_1_439' title='bbox 412 4156 561 4223; x_wconf 89' lang='lat' dir='ltr'>corpore</span> <span class='ocrx_word' id='word_1_440' title='bbox 579 4157 753 4226; x_wconf 89' lang='lat' dir='ltr'>quemque</span> <span class='ocrx_word' id='word_1_441' title='bbox 769 4159 875 4208; x_wconf 87' lang='lat' dir='ltr'>novo.</span> <span class='ocrx_word' id='word_1_442' title='bbox 1064 4126 1213 4203; x_wconf 80' lang='lat' dir='ltr'>Artibus</span> <span class='ocrx_word' id='word_1_443' title='bbox 1230 4135 1389 4204; x_wconf 81' lang='lat' dir='ltr'>excultus</span> <span class='ocrx_word' id='word_1_444' title='bbox 1404 4147 1508 4206; x_wconf 89' lang='lat' dir='ltr'>norat</span> <span class='ocrx_word' id='word_1_445' title='bbox 1523 4148 1558 4205; x_wconf 87' lang='lat' dir='ltr'>et</span> <span class='ocrx_word' id='word_1_446' title='bbox 1573 4135 1634 4205; x_wconf 89' lang='lat' dir='ltr'>ille</span> <span class='ocrx_word' id='word_1_447' title='bbox 1648 4134 1767 4208; x_wconf 89' lang='lat' dir='ltr'>bonis.</span> 
     </span>
    </p>

    <p class='ocr_par' dir='ltr' id='par_1_22' title="bbox 94 4230 1911 4331">
     <span class='ocr_line' id='line_1_40' title="bbox 94 4230 1911 4331; baseline -0.004 -22"><span class='ocrx_word' id='word_1_448' title='bbox 94 4239 148 4309; x_wconf 83' lang='lat' dir='ltr'>sed</span> <span class='ocrx_word' id='word_1_449' title='bbox 166 4237 339 4331; x_wconf 88' lang='lat' dir='ltr'>quaedam</span> <span class='ocrx_word' id='word_1_450' title='bbox 357 4234 498 4325; x_wconf 86' lang='lat' dir='ltr'>prodest</span> <span class='ocrx_word' id='word_1_451' title='bbox 516 4235 672 4325; x_wconf 81' lang='lat' dir='ltr'>exempla</span> <span class='ocrx_word' id='word_1_452' title='bbox 688 4254 825 4321; x_wconf 86' lang='lat' dir='ltr'>tenere,</span> <span class='ocrx_word' id='word_1_453' title='bbox 1011 4230 1110 4322; x_wconf 85' lang='lat' dir='ltr'>Quas</span> <span class='ocrx_word' id='word_1_454' title='bbox 1124 4246 1241 4307; x_wconf 88' lang='lat' dir='ltr'>teneat</span> <span class='ocrx_word' id='word_1_455' title='bbox 1254 4251 1365 4309; x_wconf 87' lang='lat' dir='ltr'>metas</span> <span class='ocrx_word' id='word_1_456' title='bbox 1382 4239 1467 4306; x_wconf 90' lang='lat' dir='ltr'>dum</span> <span class='ocrx_word' id='word_1_457' title='bbox 1482 4250 1596 4308; x_wconf 87' lang='lat' dir='ltr'>totum</span> <span class='ocrx_word' id='word_1_458' title='bbox 1612 4236 1748 4331; x_wconf 84' lang='lat' dir='ltr'>perlicit</span> <span class='ocrx_word' id='word_1_459' title='bbox 1764 4257 1911 4319; x_wconf 87' lang='lat' dir='ltr'>anuum,</span> 
     </span>
    </p>

    <p class='ocr_par' dir='ltr' id='par_1_23' title="bbox 94 4333 1848 4532">
     <span class='ocr_line' id='line_1_41' title="bbox 94 4333 1848 4433; baseline -0.001 -23"><span class='ocrx_word' id='word_1_460' title='bbox 94 4364 105 4410; x_wconf 86' lang='lat' dir='ltr'>r</span> <span class='ocrx_word' id='word_1_461' title='bbox 120 4336 279 4431; x_wconf 85' lang='lat' dir='ltr'>Baptista</span> <span class='ocrx_word' id='word_1_462' title='bbox 297 4336 406 4426; x_wconf 88' lang='lat' dir='ltr'>igitur</span> <span class='ocrx_word' id='word_1_463' title='bbox 420 4338 698 4426; x_wconf 87' lang='lat' dir='ltr'>praetereundus</span> <span class='ocrx_word' id='word_1_464' title='bbox 710 4339 787 4413; x_wconf 83' lang='lat' dir='ltr'>erit.</span> <span class='ocrx_word' id='word_1_465' title='bbox 1061 4335 1203 4406; x_wconf 80' lang='lat' dir='ltr'>Aureus</span> <span class='ocrx_word' id='word_1_466' title='bbox 1216 4338 1364 4433; x_wconf 92' lang='lat' dir='ltr'>obliquo</span> <span class='ocrx_word' id='word_1_467' title='bbox 1379 4333 1545 4410; x_wconf 88' lang='lat' dir='ltr'>Phoebus</span> <span class='ocrx_word' id='word_1_468' title='bbox 1562 4341 1601 4413; x_wconf 90' lang='lat' dir='ltr'>in</span> <span class='ocrx_word' id='word_1_469' title='bbox 1615 4341 1702 4411; x_wconf 92' lang='lat' dir='ltr'>orbe</span> <span class='ocrx_word' id='word_1_470' title='bbox 1714 4357 1848 4409; x_wconf 89' lang='lat' dir='ltr'>means.</span> 
     </span>
     <span class='ocr_line' id='line_1_42' title="bbox 94 4433 1835 4532; baseline -0.002 -20"><span class='ocrx_word' id='word_1_471' title='bbox 94 4440 246 4532; x_wconf 86' lang='lat' dir='ltr'>rangelio</span> <span class='ocrx_word' id='word_1_472' title='bbox 259 4451 455 4508; x_wconf 88' lang='lat' dir='ltr'>monstrato</span> <span class='ocrx_word' id='word_1_473' title='bbox 468 4438 616 4508; x_wconf 88' lang='lat' dir='ltr'>tradidit</span> <span class='ocrx_word' id='word_1_474' title='bbox 631 4433 748 4525; x_wconf 79' lang='lat' dir='ltr'>Aguo,</span> <span class='ocrx_word' id='word_1_475' title='bbox 1008 4435 1168 4526; x_wconf 90' lang='lat' dir='ltr'>Longius</span> <span class='ocrx_word' id='word_1_476' title='bbox 1182 4463 1201 4508; x_wconf 90' lang='lat' dir='ltr'>a</span> <span class='ocrx_word' id='word_1_477' title='bbox 1218 4453 1310 4511; x_wconf 89' lang='lat' dir='ltr'>terra</span> <span class='ocrx_word' id='word_1_478' title='bbox 1328 4464 1407 4509; x_wconf 88' lang='lat' dir='ltr'>eum</span> <span class='ocrx_word' id='word_1_479' title='bbox 1424 4464 1563 4512; x_wconf 87' lang='lat' dir='ltr'>summo</span> <span class='ocrx_word' id='word_1_480' title='bbox 1579 4444 1702 4513; x_wconf 90' lang='lat' dir='ltr'>tardus</span> <span class='ocrx_word' id='word_1_481' title='bbox 1715 4442 1755 4510; x_wconf 92' lang='lat' dir='ltr'>iu</span> <span class='ocrx_word' id='word_1_482' title='bbox 1770 4462 1835 4509; x_wconf 83' lang='lat' dir='ltr'>ase</span> 
     </span>
    </p>

    <p class='ocr_par' dir='ltr' id='par_1_24' title="bbox 93 4537 1897 4735">
     <span class='ocr_line' id='line_1_43' title="bbox 94 4537 1897 4636; baseline -0.002 -21"><span class='ocrx_word' id='word_1_483' title='bbox 94 4554 199 4616; x_wconf 83' lang='lat' dir='ltr'>:atum</span> <span class='ocrx_word' id='word_1_484' title='bbox 217 4541 321 4612; x_wconf 88' lang='lat' dir='ltr'>nobis</span> <span class='ocrx_word' id='word_1_485' title='bbox 343 4539 406 4632; x_wconf 89' lang='lat' dir='ltr'>qui</span> <span class='ocrx_word' id='word_1_486' title='bbox 420 4540 502 4608; x_wconf 87' lang='lat' dir='ltr'>facit</span> <span class='ocrx_word' id='word_1_487' title='bbox 520 4564 593 4608; x_wconf 87' lang='lat' dir='ltr'>esse</span> <span class='ocrx_word' id='word_1_488' title='bbox 607 4538 734 4614; x_wconf 84' lang='lat' dir='ltr'>Deum.</span> <span class='ocrx_word' id='word_1_489' title='bbox 1061 4537 1250 4626; x_wconf 90' lang='lat' dir='ltr'>Volvitur,</span> <span class='ocrx_word' id='word_1_490' title='bbox 1275 4554 1413 4612; x_wconf 86' lang='lat' dir='ltr'>arentes</span> <span class='ocrx_word' id='word_1_491' title='bbox 1427 4568 1492 4614; x_wconf 85' lang='lat' dir='ltr'>cur</span> <span class='ocrx_word' id='word_1_492' title='bbox 1508 4545 1634 4636; x_wconf 88' lang='lat' dir='ltr'>premit</span> <span class='ocrx_word' id='word_1_493' title='bbox 1654 4556 1769 4612; x_wconf 89' lang='lat' dir='ltr'>aestus</span> <span class='ocrx_word' id='word_1_494' title='bbox 1783 4561 1897 4633; x_wconf 87' lang='lat' dir='ltr'>agros.</span> 
     </span>
     <span class='ocr_line' id='line_1_44' title="bbox 93 4637 1743 4735; baseline -0.002 -19"><span class='ocrx_word' id='word_1_495' title='bbox 93 4646 298 4716; x_wconf 80' lang='lat' dir='ltr'>irisaeorum</span> <span class='ocrx_word' id='word_1_496' title='bbox 314 4655 434 4714; x_wconf 81' lang='lat' dir='ltr'>taxant</span> <span class='ocrx_word' id='word_1_497' title='bbox 447 4643 590 4724; x_wconf 90' lang='lat' dir='ltr'>deliria,</span> <span class='ocrx_word' id='word_1_498' title='bbox 617 4642 707 4711; x_wconf 90' lang='lat' dir='ltr'>ritus</span> <span class='ocrx_word' id='word_1_499' title='bbox 1010 4637 1102 4723; x_wconf 90' lang='lat' dir='ltr'>Cur,</span> <span class='ocrx_word' id='word_1_500' title='bbox 1127 4643 1266 4735; x_wconf 90' lang='lat' dir='ltr'>quoties</span> <span class='ocrx_word' id='word_1_501' title='bbox 1284 4642 1355 4714; x_wconf 92' lang='lat' dir='ltr'>imo</span> <span class='ocrx_word' id='word_1_502' title='bbox 1374 4646 1530 4715; x_wconf 82' lang='lat' dir='ltr'>velocior</span> <span class='ocrx_word' id='word_1_503' title='bbox 1544 4647 1609 4715; x_wconf 85' lang='lat' dir='ltr'>ibit</span> <span class='ocrx_word' id='word_1_504' title='bbox 1626 4646 1664 4713; x_wconf 92' lang='lat' dir='ltr'>iu</span> <span class='ocrx_word' id='word_1_505' title='bbox 1680 4668 1743 4713; x_wconf 85' lang='lat' dir='ltr'>axe</span> 
     </span>
    </p>

    <p class='ocr_par' dir='ltr' id='par_1_25' title="bbox 94 4738 1967 5044">
     <span class='ocr_line' id='line_1_45' title="bbox 94 4738 1899 4839; baseline -0.003 -19"><span class='ocrx_word' id='word_1_506' title='bbox 94 4771 173 4820; x_wconf 84' lang='lat' dir='ltr'>usus</span> <span class='ocrx_word' id='word_1_507' title='bbox 189 4745 301 4819; x_wconf 77' lang='lat' dir='ltr'>&#39;vetuit</span> <span class='ocrx_word' id='word_1_508' title='bbox 321 4768 387 4836; x_wconf 91' lang='lat' dir='ltr'>pro</span> <span class='ocrx_word' id='word_1_509' title='bbox 407 4743 534 4835; x_wconf 84' lang='lat' dir='ltr'>pictate</span> <span class='ocrx_word' id='word_1_510' title='bbox 551 4744 661 4839; x_wconf 84' lang='lat' dir='ltr'>sequi.</span> <span class='ocrx_word' id='word_1_511' title='bbox 1059 4738 1106 4813; x_wconf 88' lang='lat' dir='ltr'>Et</span> <span class='ocrx_word' id='word_1_512' title='bbox 1122 4746 1267 4836; x_wconf 93' lang='lat' dir='ltr'>propior</span> <span class='ocrx_word' id='word_1_513' title='bbox 1282 4759 1413 4832; x_wconf 88' lang='lat' dir='ltr'>terrae,</span> <span class='ocrx_word' id='word_1_514' title='bbox 1437 4747 1565 4837; x_wconf 90' lang='lat' dir='ltr'>frigida</span> <span class='ocrx_word' id='word_1_515' title='bbox 1580 4746 1713 4816; x_wconf 87' lang='lat' dir='ltr'>Bruma</span> <span class='ocrx_word' id='word_1_516' title='bbox 1728 4745 1849 4817; x_wconf 79' lang='lat' dir='ltr'>venit?</span> <span class='ocrx_word' id='word_1_517' title='bbox 1896 4810 1899 4815; x_wconf 89' lang='lat'>.</span> 
     </span>
     <span class='ocr_line' id='line_1_46' title="bbox 94 4843 1967 4944; baseline -0.002 -26"><span class='ocrx_word' id='word_1_518' title='bbox 94 4874 229 4944; x_wconf 70' lang='lat' dir='ltr'>umque</span> <span class='ocrx_word' id='word_1_519' title='bbox 245 4849 348 4917; x_wconf 87' lang='lat' dir='ltr'>fidem</span> <span class='ocrx_word' id='word_1_520' title='bbox 366 4848 487 4917; x_wconf 89' lang='lat' dir='ltr'>docuit</span> <span class='ocrx_word' id='word_1_521' title='bbox 502 4846 664 4915; x_wconf 86' lang='lat' dir='ltr'>iordanis</span> <span class='ocrx_word' id='word_1_522' title='bbox 680 4848 723 4915; x_wconf 92' lang='lat' dir='ltr'>ad</span> <span class='ocrx_word' id='word_1_523' title='bbox 740 4847 887 4935; x_wconf 79' lang='lat' dir='ltr'>riudam,</span> <span class='ocrx_word' id='word_1_524' title='bbox 1008 4843 1104 4915; x_wconf 86' lang='lat' dir='ltr'>Haec</span> <span class='ocrx_word' id='word_1_525' title='bbox 1120 4848 1168 4916; x_wconf 87' lang='lat' dir='ltr'>ita</span> <span class='ocrx_word' id='word_1_526' title='bbox 1187 4849 1428 4938; x_wconf 89' lang='lat' dir='ltr'>contemplans</span> <span class='ocrx_word' id='word_1_527' title='bbox 1443 4863 1620 4935; x_wconf 87' lang='lat' dir='ltr'>autorem,</span> <span class='ocrx_word' id='word_1_528' title='bbox 1641 4872 1833 4938; x_wconf 85' lang='lat' dir='ltr'>agnoscere</span> <span class='ocrx_word' id='word_1_529' title='bbox 1854 4845 1967 4926; x_wconf 88' lang='lat' dir='ltr'>iussit,</span> 
     </span>
     <span class='ocr_line' id='line_1_47' title="bbox 94 4943 1715 5044; baseline -0.002 -20"><span class='ocrx_word' id='word_1_530' title='bbox 94 4975 185 5044; x_wconf 87' lang='lat' dir='ltr'>upes</span> <span class='ocrx_word' id='word_1_531' title='bbox 206 4945 392 5021; x_wconf 88' lang='lat' dir='ltr'>Gnathum</span> <span class='ocrx_word' id='word_1_532' title='bbox 410 4943 444 5044; x_wconf 81' lang='lat'>³)</span> <span class='ocrx_word' id='word_1_533' title='bbox 462 4949 531 5017; x_wconf 90' lang='lat' dir='ltr'>iam</span> <span class='ocrx_word' id='word_1_534' title='bbox 543 4962 697 5019; x_wconf 78' lang='lat' dir='ltr'>‘sonuere</span> <span class='ocrx_word' id='word_1_535' title='bbox 712 4950 791 5021; x_wconf 85' lang='lat' dir='ltr'>Dei.</span> <span class='ocrx_word' id='word_1_536' title='bbox 1059 4945 1105 5017; x_wconf 85' lang='lat' dir='ltr'>Et</span> <span class='ocrx_word' id='word_1_537' title='bbox 1124 4975 1209 5037; x_wconf 86' lang='lat' dir='ltr'>pura</span> <span class='ocrx_word' id='word_1_538' title='bbox 1228 4964 1341 5041; x_wconf 83' lang='lat' dir='ltr'>grates</span> <span class='ocrx_word' id='word_1_539' title='bbox 1357 4952 1473 5021; x_wconf 89' lang='lat' dir='ltr'>dicere</span> <span class='ocrx_word' id='word_1_540' title='bbox 1491 4966 1608 5021; x_wconf 88' lang='lat' dir='ltr'>mente</span> <span class='ocrx_word' id='word_1_541' title='bbox 1624 4953 1715 5022; x_wconf 86' lang='lat' dir='ltr'>Deo.</span> 
     </span>
    </p>

    <p class='ocr_par' dir='ltr' id='par_1_26' title="bbox 94 5036 1841 5144">
     <span class='ocr_line' id='line_1_48' title="bbox 94 5036 1841 5144; baseline 0.002 -25"><span class='ocrx_word' id='word_1_542' title='bbox 94 5079 141 5126; x_wconf 68' lang='lat' dir='ltr'>ius</span> <span class='ocrx_word' id='word_1_543' title='bbox 156 5049 323 5122; x_wconf 86' lang='lat' dir='ltr'>humanis</span> <span class='ocrx_word' id='word_1_544' title='bbox 339 5051 411 5121; x_wconf 83' lang='lat' dir='ltr'>Lex</span> <span class='ocrx_word' id='word_1_545' title='bbox 425 5051 609 5119; x_wconf 84' lang='lat' dir='ltr'>obscurata</span> <span class='ocrx_word' id='word_1_546' title='bbox 627 5053 771 5134; x_wconf 81' lang='lat' dir='ltr'>iacebat,</span> <span class='ocrx_word' id='word_1_547' title='bbox 1008 5046 1104 5121; x_wconf 81' lang='lat' dir='ltr'>Haec</span> <span class='ocrx_word' id='word_1_548' title='bbox 1120 5054 1169 5121; x_wconf 88' lang='lat' dir='ltr'>ait</span> <span class='ocrx_word' id='word_1_549' title='bbox 1188 5056 1378 5123; x_wconf 85' lang='lat' dir='ltr'>ostendunt</span> <span class='ocrx_word' id='word_1_550' title='bbox 1396 5049 1505 5123; x_wconf 87' lang='lat' dir='ltr'>nobis</span> <span class='ocrx_word' id='word_1_551' title='bbox 1516 5054 1665 5125; x_wconf 85' lang='lat' dir='ltr'>illustria</span> <span class='ocrx_word' id='word_1_552' title='bbox 1680 5054 1780 5144; x_wconf 90' lang='lat' dir='ltr'>signa</span> <span class='ocrx_word' id='word_1_553' title='bbox 1830 5036 1841 5057; x_wconf 59' lang='lat'>⁸</span> 
     </span>
    </p>

    <p class='ocr_par' dir='ltr' id='par_1_27' title="bbox 94 5148 1823 5246">
     <span class='ocr_line' id='line_1_49' title="bbox 94 5148 1823 5246; baseline -0.001 -18"><span class='ocrx_word' id='word_1_554' title='bbox 94 5184 109 5228; x_wconf 92' lang='lat' dir='ltr'>c</span> <span class='ocrx_word' id='word_1_555' title='bbox 128 5157 233 5226; x_wconf 86' lang='lat' dir='ltr'>etiam</span> <span class='ocrx_word' id='word_1_556' title='bbox 254 5157 366 5224; x_wconf 88' lang='lat' dir='ltr'>iucem</span> <span class='ocrx_word' id='word_1_557' title='bbox 383 5154 540 5223; x_wconf 90' lang='lat' dir='ltr'>reddidit</span> <span class='ocrx_word' id='word_1_558' title='bbox 557 5154 617 5221; x_wconf 91' lang='lat' dir='ltr'>ille</span> <span class='ocrx_word' id='word_1_559' title='bbox 634 5177 745 5226; x_wconf 76' lang='lat' dir='ltr'>stram.</span> <span class='ocrx_word' id='word_1_560' title='bbox 1058 5148 1213 5225; x_wconf 79' lang='lat' dir='ltr'>Aeterua</span> <span class='ocrx_word' id='word_1_561' title='bbox 1232 5156 1404 5226; x_wconf 91' lang='lat' dir='ltr'>mundum</span> <span class='ocrx_word' id='word_1_562' title='bbox 1422 5180 1496 5224; x_wconf 88' lang='lat' dir='ltr'>non</span> <span class='ocrx_word' id='word_1_563' title='bbox 1511 5155 1587 5224; x_wconf 89' lang='lat' dir='ltr'>sino</span> <span class='ocrx_word' id='word_1_564' title='bbox 1604 5172 1721 5226; x_wconf 89' lang='lat' dir='ltr'>mente</span> <span class='ocrx_word' id='word_1_565' title='bbox 1737 5154 1823 5246; x_wconf 83' lang='lat' dir='ltr'>rogi.</span> 
     </span>
    </p>
   </div>
   <div class='ocr_carea' id='block_1_3' title="bbox 94 5265 177 5276">
    <p class='ocr_par' dir='ltr' id='par_1_28' title="bbox 94 5265 177 5276">
     <span class='ocr_line' id='line_1_50' title="bbox 94 5265 177 5276; baseline -0.024 0"><span class='ocrx_word' id='word_1_566' title='bbox 94 5265 177 5276; x_wconf 66' lang='lat' dir='ltr'>nat—-</span> 
     </span>
    </p>
   </div>
   <div class='ocr_carea' id='block_1_4' title="bbox 94 5247 1766 5473">
    <p class='ocr_par' dir='ltr' id='par_1_29' title="bbox 94 5247 1766 5473">
     <span class='ocr_line' id='line_1_51' title="bbox 94 5247 1747 5373; baseline -0.005 -35"><span class='ocrx_word' id='word_1_567' title='bbox 94 5303 197 5373; x_wconf 57' lang='lat' dir='ltr'>Mn,</span> <span class='ocrx_word' id='word_1_568' title='bbox 210 5302 333 5364; x_wconf 54' lang='lat' dir='ltr'>dmm,</span> <span class='ocrx_word' id='word_1_569' title='bbox 352 5295 506 5350; x_wconf 70' lang='lat' dir='ltr'>exurendo.</span> <span class='ocrx_word' id='word_1_570' title='bbox 911 5352 916 5359; x_wconf 86' lang='lat'>.</span> <span class='ocrx_word' id='word_1_571' title='bbox 1007 5247 1131 5326; x_wconf 84' lang='lat' dir='ltr'>Altera</span> <span class='ocrx_word' id='word_1_572' title='bbox 1149 5260 1209 5326; x_wconf 89' lang='lat' dir='ltr'>sed</span> <span class='ocrx_word' id='word_1_573' title='bbox 1229 5258 1347 5350; x_wconf 85' lang='lat' dir='ltr'>potior</span> <span class='ocrx_word' id='word_1_574' title='bbox 1364 5257 1431 5327; x_wconf 84' lang='lat' dir='ltr'>fuit</span> <span class='ocrx_word' id='word_1_575' title='bbox 1447 5258 1499 5327; x_wconf 90' lang='lat' dir='ltr'>illi</span> <span class='ocrx_word' id='word_1_576' title='bbox 1518 5275 1747 5336; x_wconf 72' lang='lat' dir='ltr'>coessentes,</span> 
     </span>
     <span class='ocr_line' id='line_1_52' title="bbox 94 5353 1766 5473; baseline -0.005 -30"><span class='ocrx_word' id='word_1_577' title='bbox 94 5387 444 5460; x_wconf 63' lang='lat' dir='ltr'>haynonensium,</span> <span class='ocrx_word' id='word_1_578' title='bbox 468 5380 608 5440; x_wconf 70' lang='lat' dir='ltr'>mentone.</span> <span class='ocrx_word' id='word_1_579' title='bbox 722 5460 726 5473; x_wconf 33' lang='grc' dir='ltr'>Ι</span> <span class='ocrx_word' id='word_1_580' title='bbox 1060 5353 1193 5433; x_wconf 77' lang='lat' dir='ltr'>Extant</span> <span class='ocrx_word' id='word_1_581' title='bbox 1211 5385 1301 5456; x_wconf 87' lang='lat' dir='ltr'>quae</span> <span class='ocrx_word' id='word_1_582' title='bbox 1316 5360 1423 5433; x_wconf 90' lang='lat' dir='ltr'>nobis</span> <span class='ocrx_word' id='word_1_583' title='bbox 1438 5361 1566 5435; x_wconf 88' lang='lat' dir='ltr'>tradita</span> <span class='ocrx_word' id='word_1_584' title='bbox 1587 5388 1671 5436; x_wconf 79' lang='lat' dir='ltr'>soce</span> <span class='ocrx_word' id='word_1_585' title='bbox 1685 5359 1766 5440; x_wconf 81' lang='lat' dir='ltr'>Dei.</span> 
     </span>
    </p>
   </div>
   <div class='ocr_carea' id='block_1_5' title="bbox 0 0 2278 5760">
    <p class='ocr_par' dir='ltr' id='par_1_30' title="bbox 0 0 2278 5760">
     <span class='ocr_line' id='line_1_53' title="bbox 0 0 2278 5760; baseline 0 0"><span class='ocrx_word' id='word_1_586' title='bbox 0 0 2278 5760; x_wconf 95' lang='lat' dir='ltr'> </span> 
     </span>
    </p>
   </div>
  </div>
 </body>
</html>
