4546 5760
696 186 1123 282 Quattsrtorttts
1154 182 1558 265 actnsulcar.
2075 189 2154 271 Μ

213 364 292 461 Ago
320 365 427 439 etiam
459 364 589 458 gratias
618 361 940 449 Revmnaiaima
958 377 994 436 et
1018 360 1107 435 lllu-
1158 361 1307 432 nomine
1327 385 1427 446 meo,
1458 361 1498 432 in
1520 360 1638 434 medio
1661 385 1784 433 eornm
1805 384 1897 439 sum.
1956 359 2060 434 llaec
2073 385 2152 434 vero

112 473 285 548 strissimo
299 469 462 562 Principi
476 493 515 539 ac
531 467 710 551 Domino,
735 464 892 537 Domino
908 466 1109 557 Sigismun·
1160 477 1201 536 ut
1224 464 1269 534 sit
1290 464 1385 534 iuter
1409 487 1475 533 nos
1497 464 1746 536 benevolentia
1769 477 1939 557 perpetua
1968 478 2007 536 et
2026 479 2153 537 uacat

110 582 160 651 do
182 571 460 665 Archiepiscopo
484 569 801 660 Magdeburgensi,
839 568 989 641 Primati
1013 567 1109 640 Ger·
1159 582 1267 660 atque
1280 567 1526 647 confirmetur,
1558 567 1674 660 sitque
1690 567 1835 637 initium
1851 567 1951 637 illius
1965 569 2153 641 aeterniet

111 679 252 752 maniae
269 691 335 750 etc.
362 675 459 769 quod
474 672 699 742 festivitatem
720 666 813 743 hanc
828 671 1109 742 renunciationis
1159 668 1342 739 laetissimi
1364 667 1585 760 complexus,
1612 695 1689 763 quo
1704 672 1866 741 fruemur
1887 671 1926 739 in
1941 669 2055 743 altera
2071 671 2153 756 sita,

109 806 212 854 meae
226 777 397 850 celebrari
413 800 432 846 a
448 799 485 846 se
495 775 647 845 voluerit
661 797 725 863 per
735 772 862 843 Virum
872 773 1106 844 clarissimum
1158 771 1233 841 veri
1250 771 1465 864 perfectique
1480 783 1515 842 et
1530 772 1648 842 divini
1664 786 1700 844 et
1714 773 1831 843 mutui
1851 772 1987 843 amoris
2002 773 2152 845 flammis

111 885 159 958 I).
181 860 344 956 Paulum
366 870 611 949 Praetorium.
661 873 732 945 Pro
756 901 825 970 qua
849 889 921 946 tam
943 875 1109 967 clementi
1159 876 1341 949 ardentes,
1374 873 1413 941 in
1439 889 1631 965 conspectu
1654 875 1721 944 filii
1741 872 1811 947 Dei
1842 887 1877 944 et
1897 876 2152 947 consueuudtce

111 988 297 1058 voluntate
316 1006 397 1074 erga
418 1005 493 1066 me,
526 977 740 1050 Celsitudini
765 979 876 1070 ipsius
901 979 1108 1048 memoriam
1159 974 1339 1046 Ecclesiae
1354 976 1530 1060 coelestis,
1554 977 1662 1048 faciat
1675 975 1792 1063 Deus,
1815 977 1877 1071 qui
1893 990 1945 1048 est
1960 978 2108 1051 dilectio
2122 991 2151 1048 et

113 1105 149 1162 et
163 1087 415 1181 gratitudinem
432 1082 680 1173 sempiternam
696 1081 877 1171 promitto.
922 1078 993 1172 lpsi
1003 1081 1108 1149 etiarn
1159 1078 1241 1147 fons
1254 1078 1474 1147 concordiae.

113 1191 204 1263 Viro
219 1189 414 1260 clarissimo
425 1184 471 1259 D.
486 1183 599 1255 Paulo
615 1179 818 1268 Praetorio,
839 1196 872 1252 et
888 1184 1036 1272 gratiam
1052 1205 1109 1250 me
1261 1176 1414 1249 Easdem
1435 1179 1565 1270 gratias
1589 1182 1692 1251 vobis
1715 1205 1780 1271 ago
1801 1179 2007 1252 Reverendi
2029 1194 2066 1253 et
2084 1181 2151 1252 cla·

112 1296 243 1366 dehere
264 1290 433 1384 profiteor
465 1301 500 1357 et
526 1284 786 1355 declaraturum
819 1284 972 1375 recipio,
1012 1284 1109 1377 quod
1161 1280 1292 1350 rissimi
1307 1282 1376 1350 viri
1392 1278 1540 1351 Domini
1560 1280 1732 1354 Doctores
1753 1298 1788 1354 et
1807 1280 2031 1355 Professores
2048 1279 2151 1355 huius

12 1397 14 1400 ⁴
115 1419 180 1489 pro
203 1394 315 1464 veteri
333 1389 595 1460 necessitudine
618 1397 739 1456 nostra
762 1386 857 1458 inter
878 1408 1033 1457 summas
1049 1409 1110 1455 oc·
1161 1397 1303 1454 nostrae
1324 1379 1535 1454 Academiae
1559 1385 1734 1471 universi,
1759 1383 2010 1479 Praeceptores
2032 1400 2069 1457 et
2084 1385 2152 1456 col-

112 1499 320 1591 copationes
335 1490 465 1564 honori
487 1505 522 1561 et
536 1489 787 1560 existimationi
803 1512 901 1558 meae
916 1484 1009 1559 hanc
1026 1512 1110 1579 ope·
1160 1485 1256 1574 legae
1278 1499 1446 1577 perpetua
1471 1487 1696 1558 observantia
1718 1488 1878 1573 colendi,
1902 1503 1938 1561 et
1957 1488 2030 1558 viri
2043 1486 2153 1558 Nobi·

113 1624 191 1671 ram
213 1600 314 1682 dare,
346 1611 381 1668 et
396 1592 464 1665 hoc
480 1592 596 1663 officio
613 1592 786 1662 adventus
806 1591 860 1661 sui
884 1591 1020 1662 efficere
1035 1615 1110 1661 non
1160 1586 1215 1657 les'
1226 1603 1331 1681 atque
1345 1588 1452 1658 amici
1466 1588 1610 1673 caeteri,
1630 1591 1692 1683 qui
1707 1585 1856 1661 honoris
1866 1591 1937 1660 mei
1951 1613 2059 1663 causa
2071 1613 2153 1660 con-

115 1703 163 1773 sit
184 1713 368 1792 gravatus,
398 1711 438 1767 ut
462 1691 549 1765 haec
572 1693 742 1764 festivitas
764 1706 797 1764 et
820 1689 905 1763 baec
922 1695 1109 1764 doctorum
1161 1690 1327 1779 venistis,
1359 1714 1440 1760 cum
1464 1692 1509 1761 de
1528 1691 1608 1761 aliis
1631 1692 1810 1762 beneficiis
1832 1693 1975 1778 vestris,
2010 1706 2091 1763 turn
2113 1693 2153 1761 de

115 1801 304 1875 hominum
327 1823 458 1870 corona
480 1799 531 1868 ab¹
550 1797 625 1888 ipso
648 1797 753 1866 etiam
769 1794 925 1881 auctior,
950 1795 1112 1868 ornatior
1161 1792 1289 1861 eximia
1314 1805 1349 1860 et
1370 1794 1544 1863 constanti
1567 1794 1833 1877 benevolentia,
1859 1818 1967 1887 qnam
1981 1792 2154 1884 singulari

113 1919 152 1976 et
168 1904 343 1975 illustrior
359 1903 575 1971 redderetur.
1163 1890 1383 1964 humanitate
1404 1895 1607 1967 declarastis
1626 1910 1661 1968 et
1680 1896 1904 1987 praestitistis
1927 1890 2022 1967 mihi
2035 1894 2155 1966 multis

220 2006 364 2077 Debitas
379 2004 484 2074 etiam
502 2001 629 2091 gratias
643 1997 907 2089 agoMagnifico
923 1995 1110 2072 D.Recto-
1162 1995 1277 2066 annis.
1331 1994 1434 2066 Hanc
1457 2010 1497 2069 ut
1521 1998 1702 2068 retineatis
1719 2020 1799 2088 erga
1824 2022 1899 2078 me,
1924 1990 1996 2091 qua
2010 2018 2154 2088 mum

115 2112 172 2194 ri,
194 2123 229 2178 et
244 2105 389 2201 Inclytis
411 2129 450 2174 ac
468 2100 660 2173 Generosis
675 2099 842 2179 Dominis
861 2098 1062 2173 Comitibus
1077 2115 1111 2171 et
1163 2097 1393 2167 contentione
1415 2111 1508 2190 peto.
1564 2095 1643 2190 Ego
1664 2114 1706 2171 ut
1725 2100 1835 2170 semel
1850 2100 2035 2173 collectam
2053 2113 2155 2193 atque

116 2210 339 2293 Beronibus,
374 2221 409 2277 et
422 2205 619 2275 Nobilitate
641 2228 681 2273 ac
705 2203 835 2274 virtute
851 2203 1112 2295 praestantibus
1162 2201 1325 2291 adeptam
1357 2224 1433 2270 non
1460 2215 1591 2272 temere
1610 2202 1811 2287 effundam,
1846 2202 1909 2271 sed
1934 2202 2028 2272 alam
2053 2215 2156 2295 atque

117 2311 320 2405 hospitibus
348 2309 510 2387 caeteris,
547 2307 609 2401 qui
630 2330 712 2376 cum
740 2307 783 2374 ad
816 2300 883 2377 hos
904 2327 1112 2395 congressus
1162 2324 1307 2391 augeam
1330 2303 1431 2370 omui
1458 2325 1538 2391 erga
1561 2327 1625 2375 vos
1645 2304 1844 2374 officiorum
1860 2304 2156 2377 etobservantiae

116 2412 345 2488 scholasticos
369 2413 558 2494 accedunt,
591 2420 764 2478 testantur
787 2429 824 2475 se
848 2422 881 2478 et
903 2407 1110 2497 dignitatem
1161 2427 1306 2494 genere,
1334 2403 1448 2474 enitar
1459 2405 1595 2478 sedulo.
1647 2401 1695 2475 Et
1709 2430 1834 2497 precor
1847 2407 1986 2490 Deum,
2011 2401 2156 2479 uthans

118 2521 304 2590 literarum
320 2513 538 2602 intelligere,
564 2524 598 2581 et
614 2505 678 2579 has
700 2509 933 2599 magnifacere
948 2532 988 2579 ac
1002 2533 1110 2578 vene·
1164 2505 1452 2577 coniunctionem
1469 2509 1671 2577 animorum
1688 2509 1858 2579 internos
1873 2524 1907 2581 et
1917 2509 2157 2589 concordiam,

116 2622 210 2706 rari,
236 2633 271 2689 et
284 2619 402 2686 favere
424 2609 573 2686 Scholae
590 2625 627 2682 et
640 2608 816 2681 Ecclesiae
837 2624 996 2694 nostrae,
1022 2634 1112 2704 quae
1163 2622 1199 2679 et
1218 2603 1311 2678 hanc
1336 2610 1380 2677 de
1402 2633 1483 2679 vera
1509 2610 1670 2681 doctrina
1696 2611 1761 2680 filii
1785 2609 1855 2680 Dei
1875 2611 2157 2691 consensionem,

108 197 182 276 tat

7 2735 10 2741 ’
114 2719 320 2795 humanitas
340 2716 546 2806 dignissima
562 2714 795 2784 estomnibus
815 2713 877 2798 iis,
903 2713 964 2806 qui
982 2712 1112 2784 illustri
1163 2732 1234 2805 qua
1249 2710 1333 2782 nixa
1349 2725 1383 2781 et
1404 2711 1493 2781 fulta
1517 2708 1603 2783 haec
1627 2708 1758 2784 Schola
1781 2708 1851 2783 Dei
1874 2713 2102 2804 providentia
2125 2725 2156 2780 et

118 2827 198 2897 loco
213 2822 286 2893 nati
296 2833 402 2904 sunt,
423 2831 459 2888 et
472 2817 517 2887 ad
532 2817 651 2910 aliqua
665 2839 883 2885 summarum
899 2815 1112 2905 dignitatum
1163 2812 1410 2905 procuratione
1440 2808 1611 2886 hactenus
1634 2815 1795 2887 constitit
1818 2829 1855 2886 et
1878 2815 2022 2901 floruit,
2065 2837 2155 2884 nnu-

117 2927 257 3016 fastigia
279 2923 409 2994 virtute
434 2934 469 2990 et
489 2923 595 2990 rebus
620 2919 711 2989 bene
731 2917 974 3010 foeliciterque
998 2917 1113 3008 gestis,
1164 2939 1269 3010 quam
1285 2913 1379 2986 sinat
1394 2916 1532 2985 turbari
1548 2931 1610 2987 aut
1626 2917 1786 2989 dissolvi.

117 3030 366 3101 ascenderunt,
1266 3013 1353 3084 Tibi
1377 3040 1460 3085 vero
1482 3018 1581 3086 omni
1597 3018 1694 3089 cultu
1716 3019 1934 3089 reverentiae
1952 3017 2156 3108 dignissime

222 3128 336 3198 Vobis
351 3150 433 3194 vero
443 3122 647 3196 Revereudi
661 3135 696 3192 et
710 3118 898 3191 clarissimi
914 3117 1011 3204 Viri,
1036 3118 1114 3212 pie-
1165 3114 1320 3221 Domine
1344 3114 1517 3203 Patrone,
1555 3117 1785 3212 Praeceptor,
1820 3120 1953 3192 Parcus
1978 3134 2015 3191 et
2042 3119 2156 3198 Socer,

118 3247 209 3315 tate,
243 3227 414 3318 dignitate
434 3240 468 3296 et
494 3225 657 3296 doctrina
680 3233 912 3314 praestantes,
942 3219 1114 3292 Doctores
1164 3219 1294 3313 quibus
1309 3221 1427 3288 verbis
1440 3216 1701 3311 agam'gratias‚
1728 3224 1791 3317 qui
1804 3223 1870 3294 tibi
1886 3224 2000 3294 debeo
2013 3221 2157 3293 omnia?

121 3350 158 3407 et
191 3332 411 3412 Professores
444 3322 655 3397 Academiae
695 3324 876 3415 Lipsicae‚
919 3337 954 3394 et
986 3323 1114 3394 caeteri
1164 3318 1276 3390 Cuius
1293 3322 1424 3412 pietas,
1454 3324 1647 3414 sapientia,
1673 3326 1787 3396 virtus
1803 3340 1838 3396 et
1861 3325 2023 3396 doctriua
2039 3325 2089 3394 ita
2104 3346 2156 3392 mc

122 3435 296 3508 Doctores
317 3423 422 3524 atque
442 3429 602 3499 amiciet
628 3427 778 3497 maiores
802 3425 871 3496 mei
891 3448 972 3495 cum
992 3427 1114 3495 obser-

120 3537 244 3609 vantia
259 3533 418 3616 colendi,
435 3546 469 3602 et
484 3531 551 3604 tibi
566 3529 730 3623 inprimis
738 3519 1120 3599 [oachimeGamem.

124 3641 195 3726 rie,
221 3660 325 3732 quern
339 3650 373 3707 et
385 3658 468 3724 ego,
491 3648 531 3704 ut
546 3634 622 3703 heri
636 3634 777 3718 debuit,
803 3631 912 3722 patris
925 3630 1003 3700 loco
1017 3653 1114 3702 sum-

122 3766 181 3814 ma
197 3763 336 3832 semper
351 3737 578 3807 veneratione
596 3735 710 3820 colui,
741 3749 870 3805 etcum
888 3733 1000 3823 patria
1015 3756 1113 3803 com·

120 3845 227 3917 muni
257 3839 471 3922 Germania,
510 3860 633 3906 omnes
666 3851 802 3906 exterae
836 3834 999 3903 nationes
1030 3858 1115 3904 vero

124 3948 294 4041 gravique
308 3943 440 4012 iudicio
455 3939 652 4031 suspiciunt
662 3953 767 4031 atque
782 3937 1019 4007 admirantur:
1040 3934 1115 4005 Vo—

124 4052 183 4121 bis
212 4070 294 4137 ergo
327 4044 496 4114 omnibus
526 4042 657 4132 gratias
691 4064 774 4131 ago,
811 4052 960 4133 quantas
991 4062 1116 4129 capere

124 4164 237 4243 potest
253 4148 393 4217 animus
414 4170 536 4230 meus,
561 4148 657 4237 quod
678 4140 807 4214 honori
825 4164 902 4210 meo
918 4142 1036 4210 favere
1053 4164 1116 4209 vos

125 4249 330 4333 ostenditis,
355 4248 580 4317 attestamini
595 4271 676 4316 vera
692 4270 731 4315 ac
747 4245 883 4315 sincera
900 4243 1115 4313 benevolen-

124 4355 174 4426 tia
208 4374 271 4421 vos
299 4350 487 4420 nobiscum
517 4350 725 4418 coniunctos
754 4369 846 4430 esse,
889 4360 923 4416 et
950 4344 1116 4413 delectari

123 4453 298 4532 amicitia,
324 4451 512 4544 colloquiis
533 4463 567 4520 et
585 4450 840 4519 consuetudine
862 4459 992 4516 nostra.
1044 4443 1117 4516 Vos

126 4554 413 4647 circumspiciens
443 4557 487 4622 de
515 4552 577 4620 illo
598 4550 758 4620 Platonis
781 4551 876 4618 dicto
907 4549 1036 4636 cogito:
1073 4545 1117 4619 οὐ

125 4654 265 4756 χρυσὸς
287 4655 426 4755 ἄγλαος
447 4650 530 4725 odd'
556 4648 724 4743 ἄδαμας,
751 4647 835 4722 οὐδ’
856 4643 1026 4746 ἀγρύρου
1040 4645 1118 4721 κλί-

127 4787 192 4836 ναι
213 4755 305 4855 πρὸς
321 4757 531 4852 ἄνθρωπον
544 4746 834 4846 δοκιμαζόμεναι
848 4751 966 4832 οὕτως
979 4744 1118 4841 ἀστρά-

127 4888 207 4938 πτει
229 4858 320 4953 πρὸς
342 4858 463 4954 ὄψεις,
499 4852 548 4937 ὠς
568 4853 732 4955 ἀγαθῶν
752 4851 904 4950 ἀνδρῶν
920 4846 1118 4949 ὁμοφράδ-

1166 3423 1348 3507 instruxit,
1375 3437 1415 3493 ut
1432 3425 1637 3496 affinitatem
1653 3441 1810 3498 nostram
1828 3441 1947 3520 postea
1970 3449 2047 3496 non
2065 3425 2154 3495 reba·

1165 3525 1268 3614 geris.
1328 3523 1425 3595 Haec
1452 3527 1629 3600 institutio
1652 3543 1686 3598 et
1711 3530 1932 3601 consuetudo
1946 3544 2028 3615 tua,
2055 3550 2156 3621 wem

1165 3627 1318 3698 affinitas
1346 3642 1465 3718 postea
1498 3644 1717 3723 consequuta
1747 3647 1820 3718 est,
1858 3655 1962 3703 causa
1992 3623 2089 3701 mihi
2107 3640 2157 3698 est

1166 3729 1329 3800 omnium
1356 3731 1631 3818 beneficiorum,
1668 3757 1760 3826 quae
1787 3758 1808 3804 a
1837 3730 1916 3804 Deo
1946 3733 2043 3804 vitae
2065 3754 2158 3802 meac

1166 3855 1328 3902 concessa
1352 3847 1455 3918 sunt,
1487 3847 1522 3904 et
1542 3847 1626 3905 sunt
1646 3835 1822 3920 maxima,
1852 3849 1888 3906 et
1902 3858 1921 3905 a
1935 3858 2015 3919 me,
2040 3846 2083 3904 ut
2100 3854 2158 3924 par

1167 3946 1238 4020 est,
1265 3958 1331 4025 pro
1341 3936 1503 4004 maximis
1513 3937 2043 4025 agnoscunturetcelebrantur.
2081 3933 2157 4005 'l'na

1168 4036 1273 4106 etiam
1290 4059 1411 4121 causa,
1438 4061 1528 4131 quae
1546 4062 1643 4109 ntrnc
1656 4040 1765 4125 firrnt,
1789 4040 2031 4113 fiuntomnia.
2070 4034 2157 4109 Nam

1168 4139 1232 4208 etsi
1246 4138 1398 4208 multum
1414 4135 1505 4208 mibi
1522 4141 1693 4231 polliceor
1711 4145 1755 4211 de
1772 4154 1989 4212 caeterorum
2005 4163 2091 4232 erga
2104 4161 2158 4209 me

1168 4239 1313 4321 studiis,
1349 4253 1382 4309 et
1398 4242 1507 4312 multa
1526 4238 1617 4312 mihi
1639 4243 1684 4313 ab
1700 4239 1757 4322 his
1779 4244 1883 4315 etiam
1900 4244 1980 4314 daci
1996 4267 2076 4314 non
2093 4242 2160 4311 du-

1168 4344 1264 4426 bito,
1299 4365 1412 4434 neque
1437 4343 1504 4434 ipsi
1528 4369 1585 4414 me
1611 4346 1774 4416 dubitare
1797 4347 1924 4416 volunt
1940 4360 2003 4417 aut
2020 4347 2159 4428 sinunt;

1167 4446 1213 4516 sit
1234 4443 1342 4533 igitur
1363 4459 1402 4514 ut
1416 4442 1505 4515 mihi
1519 4446 1655 4540 aliqua:
1680 4446 1765 4518 Tibi
1788 4461 1907 4518 tamen
1921 4463 1963 4520 ut
1977 4448 2056 4519 dixi
2076 4452 2160 4521 dan-

1169 4560 1228 4617 tur
1243 4546 1381 4629 omnia,
1413 4549 1553 4640 quodsi
1575 4573 1649 4618 non
1673 4550 1868 4640 intelligam
1888 4564 1996 4645 atque
2023 4549 2159 4643 praedi·

1169 4673 1263 4732 cem,
1289 4648 1397 4717 nimis
1413 4651 1480 4719 sim
1496 4651 1683 4741 imperitus
1695 4666 1800 4745 atque
1817 4652 1990 4742 ingratus.
2043 4651 2090 4727 ln
2108 4674 2160 4720 me

1169 4773 1253 4818 vero
1277 4748 1307 4818 si
1326 4750 1412 4842 quid
1427 4751 1492 4821 tibi
1508 4766 1648 4841 gratnm
1670 4768 1740 4835 est,
1767 4779 1922 4849 proquo
1940 4759 2020 4827 Deo
2034 4756 2160 4847 gratias

1169 4874 1233 4941 ago
1257 4864 1290 4922 et
1313 4852 1397 4935 tibi,
1429 4854 1505 4923 cius
1528 4855 1675 4925 nomine
1702 4857 1783 4926 ideo
1805 4859 1962 4946 gaudeo,
1992 4859 2082 4952 quia
2096 4856 2160 4929 tibi

126 4990 212 5062 μων
231 4958 367 5056 νόησις.
429 4955 531 5029 Nihil
553 4973 603 5028 est
624 4958 772 5027 omnino
799 4971 860 5027 aut
884 4957 1119 5047 praestantius
1169 4967 1305 5043 gratum
1327 4968 1390 5027 est.
1448 4954 1539 5026 Nam
1564 4958 1629 5027 etsi
1651 4959 1695 5029 de
1725 4954 1781 5027 his
1800 4961 2045 5048 ornamentis,
2077 4983 2160 5055 quse

127 5083 188 5139 aut
209 5066 349 5137 dulcius
370 5061 621 5131 coniunctione
642 5083 717 5129 non
745 5059 860 5129 fucata
882 5061 1059 5128 bonorum
1084 5071 1119 5128 et
1168 5051 1257 5124 mihi
1284 5058 1355 5125 iam
1379 5058 1505 5129 collata
1526 5073 1628 5145 sunt,
1659 5058 1707 5131 ita
1732 5061 1847 5132 sentio
1869 5074 1909 5156 ut
1925 5063 2065 5149 debeo,
2090 5085 2159 5133 non

153 5170 269 5239 iorum
299 5163 593 5236 consentientium
626 5164 670 5231 de
688 5161 896 5254 ,praecipuis
927 5163 1051 5244 rebus,
1085 5174 1119 5231 et
1171 5172 1286 5228 tamen
1304 5160 1376 5227 illis
1392 5160 1477 5251 ipsis
1491 5176 1562 5233 tam
1579 5164 1715 5253 gaudeo
1730 5164 1807 5234 ullo
1830 5177 2160 5255 respectumeoaut

126 5195 196 5340 hoc
224 5289 398 5338 consensu
422 5266 646 5349 laetantium,
678 5266 724 5334 de
752 5263 883 5358 quibus
910 5262 996 5332 dicit
1025 5263 1119 5331 filins
1168 5283 1329 5330 meorum
1344 5262 1523 5346 omnium,
1549 5289 1655 5358 quam
1666 5277 1700 5335 te
1712 5279 1748 5336 et
1760 5260 2159 5338 honestissimamfami·

122 5367 212 5440 Dei:
243 5367 456 5462 Ubicunque
471 5370 542 5440 duo
556 5382 616 5438 aut
635 5381 705 5438 tres
720 5363 922 5458 congregati
933 5364 1068 5436 fuenut
1080 5365 1119 5433 in
1167 5362 1253 5432 liam
1268 5376 1383 5450 tuam,
1407 5388 1500 5437 ame
1513 5391 1589 5437 non
1602 5367 1807 5449 deformari.
1850 5365 1961 5458 Quod
1975 5383 2158 5464 utsempcs
