4546 5760
112 200 188 279 887
706 188 1122 288 QUA'DS'l'l'ONES
1156 185 1568 276 ΛΟΜΕΗθίΙΕΑΕἱΞ
1766 204 1769 208 ’
2087 186 2156 275 'lbi

113 380 182 452 No.
206 370 267 447 76.
907 400 956 441 m.
988 378 1083 444 1560.
1165 364 1251 467 liaec
1276 371 1400 456 series,
1431 386 1468 443 et
1489 361 1743 466 qutaem'baee
1772 365 1995 441 conservatio
2017 371 2157 462 signum

115 474 255 505 Μ
893 468 1106 507 Μ
1165 485 1219 544 est
1241 474 1388 567 aliquod
1398 464 1413 554 ‚'
1450 475 1561 544 solius
1592 471 1770 543 Ecclesiae
1789 472 2005 544 doctrinam
2040 496 2157 544 veram

184 582 216 635 ii
232 570 453 656 Oniton.sr.v.
468 570 625 693 efflui-3·
644 569 1005 644 inorsiiosuuipomsm.
1019 571 1112 643 ΡΜ
1165 597 1249 647 esse.
1300 573 1390 648 Erat
1408 577 1518 664 igitur
1533 578 1749 676 pmdentpm
1768 576 2050 665 gubernatorum
2065 600 2158 647 nunc

220 640 633 718 esspuattichird.1.p.50.
942 666 945 673 ¹
1144 700 1306 770 ‘quoque
1340 701 1485 765 curare,
1525 692 1566 748 ut
1595 702 1677 746 vera
1707 674 1865 747 Ecclesia
1899 679 2158 770 possessionem

119 813 298 900 wasalia
331 808 497 875 recitata
532 823 557 872 α
594 823 711 894 puero
752 803 958 895 casparo
992 806 1113 875 Pers.
1165 774 1273 848 huius
1293 775 1553 871 pulcherrimae
1572 781 1755 850 doctrinae
1783 781 1969 865 retineret,
1998 796 2037 853 et
2058 802 2162 873 spero

491 927 614 994 mo,
647 901 738 1002 figo,
1164 878 1281 950 Deum
1309 883 1425 972 ipsum
1448 880 1627 954 Ecclesiae
1651 883 1833 953 custodem
1864 883 2035 975 deinceps
2054 884 2157 954 etiam

390 1054 399 1070 ‚
521 1052 530 1068 ‚
562 1054 570 1069 ,
699 1050 707 1068 ,
904 1052 912 1068 ,
949 1050 988 1068 ,,
1069 1053 1077 1069 ,
1165 976 1233 1052 hoc
1250 976 1356 1053 decus
1374 985 1413 1051 in
1427 981 1585 1055 Ecclesia
1604 999 1894 1054 conservaturum
1911 1007 1997 1058 esse.
2060 981 2158 1055 Gau-

119 1048 209 1133 Vox
224 1056 312 1129 Filii
333 1051 400 1124 Dei
425 1050 571 1123 Domini
596 1065 709 1121 nostri
724 1051 804 1120 Iesu
825 1045 958 1121 Christi
977 1068 1111 1146 inquit:
1164 1086 1231 1154 deo
1247 1087 1351 1155 egam
1369 1110 1487 1157 meum
1503 1103 1640 1178 pan-em
1655 1083 1719 1156 hac
1734 1086 1771 1154 in
1787 1110 1825 1156 re
1843 1087 1971 1155 studiis
1987 1087 2158 1172 serviisse,

119 1164 237 1238 Sinite
264 1158 432 1252 parvulos
456 1154 578 1223 venire
605 1155 647 1222 ad
678 1177 753 1235 me,
792 1153 876 1245 quia
908 1154 1033 1223 talium
1060 1168 1114 1225 est

120 1263 270 1357 reguum
287 1261 492 1353 coelorum.
556 1254 625 1326 Pro
651 1249 717 1324 hac
749 1255 921 1323 immensa
953 1255 1112 1328 bonitate

119 1369 197 1443 Deo
213 1367 369 1459 primum
383 1360 510 1451 gratias
523 1381 607 1448 ago,
640 1358 736 1450 quod
752 1380 808 1424 me
823 1370 858 1427 ct
871 1357 1005 1427 similes
1018 1361 1061 1427 ad
1076 1383 1112 1428 se

121 1483 247 1555 vocat,
274 1481 309 1537 et
332 1464 436 1534 nobis
455 1461 602 1531 salutem
625 1458 663 1527 in
690 1454 756 1528 hac
775 1459 847 1528 vita
871 1473 906 1528 et
925 1455 1112 1551 posthanc

121 1575 232 1644 vitam
259 1566 447 1662 promittit.
505 1559 554 1633 Et
575 1562 660 1655 quia
684 1585 750 1630 nos
773 1561 935 1631 adfirmat
954 1565 1112 1634 membra

121 1699 196 1746 esse
219 1696 301 1743 suae
317 1666 515 1748 Ecclesiae,
541 1677 614 1733 toto
630 1676 771 1755 pectore
792 1686 872 1732 euin
889 1687 971 1745 oro,
998 1676 1112 1735 utine

1165 1201 1199 1257 et
1216 1188 1335 1257 Deum
1350 1212 1433 1276 oro,
1458 1204 1498 1260 ut
1516 1214 1571 1260 uie
1594 1191 1640 1259 ita
1653 1191 1851 1279 gubernet,
1877 1201 1919 1258 ut
1933 1190 2082 1279 vestigia
2098 1184 2157 1281 pa'·

1164 1289 1228 1358 tris
1244 1313 1381 1382 sequar.

1161 1462 1167 1487 ,
1266 1391 1405 1462 Deinde
1437 1392 1726 1483 respondendum
1761 1406 1813 1463 est
1838 1406 1874 1463 et
1899 1394 1944 1462 ad
1971 1393 2156 1474 minorent,

1164 1517 1254 1586 quae
1270 1494 1511 1564 divinationes
1524 1487 1726 1585 prohibitae
1741 1508 1837 1568 sunt.
1880 1494 1961 1566 Una
1978 1486 2156 1588 Maniae}

1164 1597 1324 1667 omnium
1339 1619 1475 1666 summa
1492 1610 1560 1681 est,
1586 1612 1781 1689 quaerente
1797 1598 1949 1666 maxime
1962 1600 2156 1689 expetenda

979 1767 988 1783 ‚
1164 1711 1234 1783 est,
1257 1700 1353 1792 quod
1376 1698 1556 1784 videlicet,
1590 1714 1624 1769 et
1640 1712 1802 1769 motuum
1824 1702 1913 1769 ordo
1926 1713 1962 1771 et
1974 1701 2157 1772 doctrinae

122 1792 157 1849 et
171 1786 335 1870 parentes
351 1791 446 1837 meos
460 1768 632 1858 gubernet
648 1779 682 1835 ct
696 1778 865 1857 protegat.
917 1766 1061 1837 Deinde
1079 1780 1113 1838 el
1165 1813 1341 1870 emantur
1356 1824 1428 1869 ,sse
1444 1798 1561 1870 Deum
1578 1801 1771 1893 sapientiae
1787 1804 1935 1875 fontem.

121 1905 186 1975 ΡΜ
214 1873 281 1946 ¹¹⁰⁰
305 1871 476 1989 benificm
500 1869 630 1987 gmiiaf
655 1890 719 1957 ³3⁰
742 1868 821 1937 D⁸⁰
850 1880 993 1988 ³²²⁰¹J¹⁰
1020 1870 1112 1960 Patri
1266 1901 1369 1972 Hanc
1380 1899 1566 1996 μαντικὴν
1580 1904 1718 1995 placere
1730 1902 1806 1974 Deo
1822 1900 1916 1973 nihil
1928 1904 2083 1975 dubium
2097 1919 2155 1990 est,

119 1979 267 2054 Domini
283 1989 396 2044 nostri
408 1965 647 2054 lesuChristi,
668 1970 764 2062 quod
778 1993 836 2037 me
851 1970 965 2042 voluit
979 1985 1113 2064 specta-
1165 2028 1255 2098 quae
1269 2007 1414 2098 quidem
1430 2006 1582 2075 maxime
1599 2006 1746 2076 incitare
1767 2029 1831 2075 nos
1849 2008 1892 2076 ad
1912 2003 1976 2077 has
1990 2022 2086 2077 arm
2101 2008 2155 2076 di·

120 2098 234 2156 torem
247 2093 281 2149 et
299 2088 476 2149 oratorem
494 2096 566 2143 esse
588 2071 626 2138 iu
650 2066 717 2140 hoc
734 2067 982 2143 honestissimo
998 2088 1112 2148 coetu.
1164 2109 1311 2176 “endas
1334 2109 1458 2192 debet,
1492 2109 1537 2177 de
1561 2108 1692 2201 quibus
1715 2109 1765 2178 ait
1791 2107 1911 2178 plato³
1946 2107 2156 2181 Grammde

121 2181 201 2256 Oro
223 2182 333 2273 igitur
355 2176 488 2248 Filium
508 2171 576 2243 Dei
596 2170 793 2244 Dominum
816 2172 1112 2247 nostrumlesum
1164 2209 1240 2280 Deo
1265 2211 1394 2280 famam
1415 2211 1453 2278 in
1475 2211 1611 2280 auibus
1631 2233 1787 2301 sparsam
1811 2234 1901 2280 esse:
1941 2209 2050 2281 Nunc
2073 2209 2156 2281 mg

118 2283 323 2367 Christum,
345 2277 560 2348 ‘crucifixum
585 2300 649 2366 pro
672 2276 777 2346 nobis
799 2291 831 2346 et
855 2279 1112 2359 resuscitatum,
1165 2311 1343 2381 carissime
1359 2309 1464 2382 pater
1473 2337 1495 2381 a
1509 2325 1543 2382 te
1558 2325 1659 2403 pelo,
1684 2329 1724 2384 u,
1745 2315 1790 2382 de
1805 2308 1871 2383 hac
1886 2325 1959 2382 pota
1976 2314 2156 2406 quaestio·

120 2403 161 2461 ¹¹⁸
178 2401 212 2458 ⁰⁸
227 2381 320 2454 hanc
333 2376 562 2451 Academiffl'
578 2400 715 2468 ⁸⁰¹¹¹P⁰¹
727 2379 921 2468 fflbemet‘
948 2394 981 2449 θ’
998 2393 1112 2452 [οωω
1165 2438 1210 2483 ue
1224 2414 1403 2505 copiosius
1418 2415 1585 2500 disseras,
1607 2428 1643 2485 et
1658 2439 1721 2485 oro
1741 2413 1877 2501 Deum,
1906 2429 1947 2487 ut
1965 2415 2156 2487 clementer

121 2512 262 2562 cursum
279 2478 477 2554 charissimi
499 2478 616 2550 Patris
636 2480 705 2549 mei
721 2495 829 2569 regat.
880 2480 1112 2600 Sicutauteiu
1164 2516 1645 2609 nusguhemetetpmtegat·
1696 2515 1792 2586 Dixi·

121 2586 339 2664 cousuetudo
357 2597 427 2664 est,
450 2606 610 2673 propono
623 2583 882 2674 quaestionem:
910 2581 971 2654 An
987 2608 1112 2680 cogni-

122 2692 174 2766 tio
194 2699 357 2760 motuum
380 2680 584 2754 coelestium
614 2681 864 2754 conservando
892 2685 942 2755 sii
966 2696 1113 2784 propter
1164 2694 1280 2763 Brevis
1301 2696 1477 2785 Responsio
1497 2697 1542 2764 ad
1563 2697 1783 2785 quaestionem
1804 2703 1837 2764 et
1853 2698 2043 2784 prasiorum
2064 2698 2155 2765 actm,

120 2788 349 2873 E⁶⁶¹⁶⁵²⁰⁰m³
371 2780 535 2854 P⁰li¹i⁰⁸
557 2795 589 2854 θ’
611 2781 914 2856 m⁶di⁶⁰²i⁰nemp
962 2789 1017 2861 De
1046 2786 1112 2860 ¹¹³⁰
1264 2815 1454 2890 Carissime
1483 2817 1575 2904 Fili,
1612 2843 1703 2912 quae
1728 2821 1792 2889 abs
1812 2832 1847 2889 te
1874 2822 1918 2890 de
1939 2822 2155 2914 quaestione,

119 2894 325 2992 i⁰³²⁸¹i⁰¹¹⁹
339 2889 494 2980 Primum
509 2881 577 2957 ¹¹⁰⁰
592 2904 838 2979 argumentum
856 2917 1015 2983 ⁰PP⁰¹¹⁰²
1164 2945 1270 3012 quam
1293 2923 1528 3013 proposuisti,
1554 2923 1798 3012 explicationis
1819 2945 1923 2993 causa
1943 2925 2038 2995 dicta
2061 2937 2154 3003 sunt,

171 3006 273 3084 Nihil
290 3008 432 3101 prodest
447 3008 535 3076 scire
553 3021 669 3077 motus
686 3011 825 3081 sublata
844 3012 1081 3101 divinatione,
1164 3046 1203 3092 ea
1231 3024 1412 3092 verissima
1444 3047 1517 3093 esse
1540 3024 1722 3097 assentior.
1788 3022 1940 3094 Possent
1970 3027 2057 3095 addi
2087 3026 2153 3096 alia

171 3111 355 3186 Divinatio
370 3123 486 3179 autem
502 3110 577 3200 lege
592 3107 661 3179 Dei
673 3108 855 3203 prohibita
875 3129 935 3184 est.
1164 3126 1335 3218 quaedam
1351 3150 1391 3195 eii
1409 3125 1633 3195 Medicorum
1657 3127 1821 3196 doctriua
1839 3141 1874 3198 et
1886 3128 2103 3212 observatis,
2126 3127 2153 3199 si

170 3212 266 3304 Ergo
282 3207 373 3280 nibil
390 3212 534 3301 prodest
547 3213 636 3282 scire
653 3228 780 3286 motus.
1162 3227 1219 3295 vel
1240 3227 1277 3296 id
1303 3228 1378 3297 lieri
1395 3243 1575 3320 pateretur
1594 3230 1753 3318 angustia
1771 3231 1960 3320 temporis,
1979 3230 2045 3298 ‘vel
2067 3253 2153 3322 opus

222 3330 301 3402 Hoc
315 3345 561 3421 argumentum
577 3346 786 3423 praetexunt
799 3335 903 3405 multi
913 3359 995 3406 suae
1010 3338 1109 3427 igna-
1163 3344 1251 3400 esset
1267 3332 1361 3400 mole
1376 3345 1664 3421 argumentorum
1689 3332 1727 3398 in
1743 3355 1780 3399 re
1797 3333 1993 3405 manifesta.
2047 3329 2154 3402 Gale-

120 3441 216 3521 viae,
246 3457 292 3503 ne
318 3435 459 3503 ‘discant
489 3435 640 3525 optimas
663 3436 841 3506 doctrinas
863 3439 908 3509 de
931 3440 1109 3521 numeris,
1162 3434 1444 3504 nusdisccrnens
1453 3435 1586 3520 fontes,
1608 3433 1771 3527 aquibus
1781 3427 1949 3515 ἐνδείξας
1963 3435 2035 3525 Peli
2047 3458 2154 3526 01)οῐ-

119 3538 259 3637 figuris,
284 3547 318 3605 et
333 3535 488 3607 motibus
502 3536 729 3623 coelestibus,
756 3563 846 3632 quae
862 3556 982 3618 tamen
994 3569 1035 3614 eo
1052 3568 1110 3613 ex-
1163 3549 1211 3605 tet
1233 3536 1508 3606 medicationum
1531 3536 1709 3618 omnium,
1745 3560 1835 3628 quae
1866 3538 1974 3618 liunt,
2011 3537 2153 3608 tertium

119 3641 290 3739 petendae
312 3650 412 3717 suut,
446 3639 529 3729 quia
552 3639 744 3710 clarissime
768 3642 979 3727 ostendunt,
1013 3641 1123 3715 hunc·
1162 3638 1345 3708 constituit
1358 3634 1401 3710 τὸ
1414 3634 1599 3730 περιέχον,
1623 3640 1719 3731 quod
1736 3653 1776 3708 ut
1791 3639 1865 3730 ipse
1880 3638 2015 3732 inquit:
2042 3632 2154 3739 λόγον

119 3744 282 3821 ordinem
302 3740 341 3807 iu
369 3753 497 3808 natura
518 3757 932 3830 noueasuortumesse,
958 3749 1109 3816 sedasse
1161 3738 1233 3832 ἔχει
1247 3733 1361 3812 ἐνιότε
1372 3733 1443 3832 μὲν
1459 3737 1548 3833 ὕλης
1570 3737 1745 3833 tautam,
1780 3742 2007 3827 tssfflsmorbO
2025 3742 2154 3811 adver·

118 3855 275 3921 mentem
308 3835 643 3914 Arcbitectatricem.
700 3841 862 3915 Primum
897 3861 1014 3917 autem
1045 3874 1109 3918 ne·
1162 3857 1273 3912 satur:
1310 3837 1424 3915 ἐνιότε
1448 3837 1489 3915 δὲ
1510 3838 1561 3923 ὥς
1582 3839 1705 3913 αἶτίου
1719 3835 1962 3929 vendicatae,
1993 3869 2077 3914 cum
2099 3844 2153 3912 vel

119 3950 234 4045 ganda
257 3955 309 4012 esi
333 3942 464 4026 maior,
491 3968 581 4037 quae
596 3943 701 4030 dicit,
727 3948 862 4017 nullam
881 3973 954 4019 esse
970 3952 1107 4022 utilita—
1162 3945 1263 4014 affert
1279 3959 1382 4039 atque
1397 3946 1545 4035 infligit,
1572 3945 1628 4013 vel
1645 3947 1754 4029 fovet,
1781 3947 1837 4014 vel
1854 3960 1957 4034 auget
1972 3948 2154 4017 morbum.

119 4070 188 4126 iem
204 4044 586 4136 cognitionismoiuum
601 4047 738 4118 sublata
750 4051 982 4126 divinatione.
1016 4052 1108 4125 suni
1161 4043 1219 4116 Ad
1244 4049 1495 4117 medicationes
1516 4071 1600 4116 vero
1626 4049 1761 4117 confert
1784 4047 1839 4128 id,
1866 4049 1963 4141 quod
1980 4073 2076 4142 quae
2091 4045 2154 4119 hs·

119 4153 215 4227 enim
237 4148 326 4218 aliae
351 4146 536 4232 utilitates,
568 4173 717 4241 quarum
734 4154 847 4242 priina
865 4169 916 4225 est
930 4173 1125 4225 annorum·
1161 4149 1248 4221 beut
1264 4139 1596 4223 rationemoiaotir.
1610 4148 1712 4222 ἄνευ.
1761 4147 1893 4219 Causas
1915 4168 2156 4222 veroetcon-

120 4250 319 4332 distinctio,
345 4270 435 4340 quae
449 4252 641 4320 necessaria
662 4268 712 4324 cst
724 4251 903 4328 Ecclesiae
926 4271 960 4327 et
975 4259 1109 4349 politiis
1161 4252 1386 4323 stitutiouum
1410 4253 1628 4321 diversarum
1661 4267 1695 4322 et
1722 4252 1960 4322 mutationum
1988 4257 2060 4324 τοῦ
2093 4279 2155 4324 πε-

119 4362 157 4432 iu
173 4352 321 4426 historia
339 4366 372 4420 et
388 4352 557 4447 continua
578 4355 843 4442 gubematioue.
903 4359 1036 4449 Quales
1057 4377 1109 4430 te·
1162 4350 1365 4449 ριὲχοντος,
1392 4355 1432 4423 in
1447 4355 1572 4423 iisdem
1588 4368 1622 4424 et
1639 4355 1788 4424 diversis
1804 4355 1905 4437 locis,
1933 4368 2029 4425 recte
2047 4356 2156 4426 reicit

120 4455 304 4533 nebraeiu
326 4452 399 4522 vita
414 4470 547 4540 essent,
574 4456 603 4522 si
621 4471 660 4527 ut
681 4461 788 4532 boves
803 4478 898 4534 retro
913 4477 1110 4554 spectantes
1162 4458 1200 4525 in
1223 4459 1420 4549 regionem,
1455 4458 1540 4527 anni
1566 4470 1723 4547 tempus,
1759 4470 1924 4549 utquam
1951 4457 2027 4546 ipse
2054 4472 2157 4527 vocat

120 4562 255 4639 nullam
271 4571 470 4646 temporum
486 4558 751 4632 distinctionem
767 4567 1014 4637 cerneremus?
1160 4554 1400 4634 κατάστασιν.
1458 4558 1573 4650 Regio
1596 4560 1676 4629 talis
1696 4573 1767 4644 est,
1798 4561 1895 4652 quod
1925 4572 2003 4629 tuin
2027 4575 2155 4631 natura

220 4658 310 4730 Cum
337 4671 452 4726 autem
482 4661 569 4730 velit
591 4660 686 4732 Deus
709 4690 883 4738 annorum
910 4667 1109 4738 distinctio·
1162 4679 1334 4735 terrarum
1348 4663 1530 4733 dissimilis
1545 4676 1596 4731 est
1606 4663 1772 4752 temperie
1785 4661 2062 4754 etqualitatibus
2075 4663 2155 4742 soli,

121 4791 202 4843 uem
225 4775 346 4831 nolam
373 4785 462 4845 esse,
497 4764 696 4834 observatio
720 4785 881 4840 motuum
913 4771 1107 4839 necessaria
1162 4790 1358 4861 eorumque
1374 4790 1463 4860 quae
1478 4778 1571 4835 terra
1591 4765 1820 4834 continentur
1833 4778 1864 4833 et
1878 4764 2015 4833 inclusa
2032 4764 2155 4843 latent,

122 4884 189 4955 sss,
215 4864 297 4960 quia
315 4862 391 4931 sine
415 4864 661 4936 observatione
676 4872 842 4941 constitui
862 4885 973 4942 metae
992 4895 1108 4942 anno·
1163 4870 1317 4963 itemque
1342 4893 1532 4962 aquarum,
1563 4880 1596 4936 et
1622 4868 1733 4956 ligura
1756 4866 1950 4936 extantium
1967 4867 2155 4957 superficie

122 4996 200 5051 rum
216 4989 290 5036 nou
306 4981 463 5055 possunt.
1162 4988 1264 5043 tenus
1280 4975 1434 5063 partium
1450 4983 1555 5063 atque
1570 4984 1773 5052 enatorum,
1799 4981 1875 5038 tum
1891 4971 1987 5061 quod
2008 4968 2091 5038 talis
2106 4983 2157 5038 est

220 5065 285 5140 Est
308 5081 425 5137 autem
446 5083 480 5138 et
502 5063 569 5137 hoc
598 5072 736 5158 signum
759 5076 897 5166 placere
917 5074 993 5145 Deo
1018 5069 1109 5143 hanc
1162 5075 1237 5144 eius
1257 5076 1392 5164 positus
1412 5074 1456 5140 ad
1480 5072 1605 5141 mundi
1628 5072 1807 5154 inedium,
1842 5065 2090 5164 habitudoque
2111 5072 2156 5142 ad

124 5171 341 5269 diligentiam
355 5170 721 5258 discernendiannos,
745 5179 826 5270 quia
843 5178 917 5269 ipse
931 5200 1108 5248 annorum
1161 5177 1229 5246 iter
1250 5176 1366 5253 Solis,
1398 5173 1522 5244 Lunae
1543 5199 1583 5243 ac
1603 5174 1845 5266 planetarum,
1870 5186 1905 5242 et
1920 5173 2155 5261 congruentia

125 5280 267 5363 fliam,
292 5273 337 5351 ab
352 5273 455 5342 initio
471 5275 598 5343 muudi
615 5281 855 5365 conservavit,
881 5305 920 5350 ac
939 5304 1108 5370 maguum
1161 5294 1267 5373 atque
1290 5276 1474 5349 consensio
1499 5278 1578 5347 talis
1609 5301 1689 5346 cuin
1712 5275 1898 5364 triangulis
1919 5287 1954 5344 et
1974 5275 2155 5347 sideribus

126 5392 231 5467 ms
246 5389 297 5446 est
311 5372 507 5464 Ecclesiae,
533 5377 630 5471 quod
646 5378 684 5447 iu
700 5403 739 5450 ea
754 5384 827 5454 sola
845 5397 1050 5454 conservata
1065 5383 1110 5452 sit
1161 5381 1270 5470 coeli,
1309 5381 1349 5452 id
1381 5393 1452 5468 est,
1490 5373 1554 5453 διὰ
1577 5373 1645 5471 τὴν
1671 5374 1782 5450 θέσιν
1803 5371 1868 5449 καὶ
1896 5373 2156 5450 συνοικείωσιν
