4546 5760
110 165 193 245 rar
689 168 1119 266 ousrsrronns
1171 172 1574 251 scaonnrcss.
1745 248 1748 255 .
2073 186 2149 261 aas
2264 174 2267 179 ’

111 339 275 438 tempore
301 339 482 416 retineant
507 345 681 445 formum
704 343 867 444 primum
893 344 1105 419 institutam
1157 362 1277 440 postea
1301 349 1383 441 plus
1408 350 1582 422 viciorum
1604 353 1759 425 accessit.
1813 352 1898 426 ldeo
1919 378 2148 452 nequaqnam

115 444 158 519 in
183 437 391 515 Ecclesia?
1153 453 1197 519 ad
1210 450 1465 543 Apostolorum
1483 455 1643 545 exempla
1659 457 1897 544 conveniunt,
1924 473 1958 530 et
1978 462 2148 531 emenda·
2240 439 2251 471 ⁸

220 544 319 618 llaec
340 546 501 641 quaestio
522 547 593 618 iam
618 547 744 640 agitari
768 547 877 633 solet,
903 571 984 619 cnm
1013 544 1105 641 Epi·
1153 554 1251 625 tione
1269 579 1358 646 opus
1375 550 1517 628 haberit.
1569 556 1639 630 Sed
1665 560 1711 628 de
1737 552 1804 629 hac
1825 584 1866 630 re
1886 562 2056 633 audiuam
2080 563 2148 632 do-

115 648 216 743 scopi
235 661 270 720 et
281 645 473 735 Canonici,
506 650 686 722 defensuri
709 672 812 721 suum
837 649 975 735 ocium,
1001 653 1104 722 volu·
1154 657 1290 727 minum
1307 654 1498 728 Ductorem
1513 653 1811 735 Mochobacum.

115 765 251 847 putes,
284 763 319 822 et
339 751 469 844 impios
488 751 597 838 ritus,
622 755 777 844 allegant
800 752 984 824 vetustatis
1009 753 1100 825 iudi·
1768 758 1771 763 ’

117 855 226 928 cinth.
263 851 356 925 Vera
372 853 482 944 igitur
497 853 691 949 antiquitas
705 856 908 950 quaerenda
926 869 987 927 est.
1037 854 1103 928 Sa-

115 959 163 1031 tis
177 966 338 1039 constat,
365 950 563 1048 Prophetas
576 959 662 1027 olim
680 952 845 1027 habuisse
860 971 981 1029 coetus
996 959 1102 1028 disei-

116 1060 311 1157 polorum,
343 1054 480 1140 liliam,
513 1054 693 1130 Elisaeom
718 1072 752 1130 et
780 1060 933 1140 similes,
972 1061 1104 1155 quibus
1152 1069 1294 1144 Nost&
1970 1103 2020 1149 an.
2047 1081 2141 1146 1543,

116 1162 338 1235 marcebant
363 1162 476 1252 legem
498 1157 587 1250 Dei,
621 1174 654 1232 et
676 1162 929 1253 promissiones
952 1164 1102 1243 divinas,
1152 1165 1324 1194 Μ
1971 1171 2142 1198 ”²⁸⁴

116 1278 153 1339 ti
168 1264 360 1337 indebant
375 1258 554 1338 historias.
604 1259 664 1334 Ad
687 1258 772 1333 haec
796 1264 914 1335 studia
935 1266 996 1335 alli
1017 1266 1103 1335 allas
1213 1291 1247 1343 In
1264 1286 1420 1356 Quaestion
1440 1305 1468 1357 p.
1480 1285 1516 1342 st
1528 1305 1571 1360 sq.
1593 1316 1632 1347 -,
1659 1287 1849 1362 Apogrsphon
1868 1288 1898 1342 in
1920 1291 1984 1346 eod.
1999 1289 2079 1348 Mor.
2097 1293 2140 1349 88.

114 1366 236 1441 bonas
250 1379 344 1437 artes
360 1365 549 1436 addebant.
598 1362 707 1437 Hune
725 1390 860 1436 morem
877 1366 1004 1439 imitati
1021 1382 1103 1439 sunt
1255 1356 1365 1414 ¹¹⁰·1V.
1382 1357 1488 1425 nest.
1806 1380 1816 1398 x
2149 1380 2152 1387 ·

116 1464 301 1543 lohannes
313 1466 490 1561 Baptista,
514 1463 733 1540 ethristus.
785 1467 837 1540 lta
851 1469 967 1540 Duces
980 1465 1103 1540 Eccle·
1300 1542 1308 1558 ,
1709 1540 1717 1557 ,
1758 1482 1761 1487 ’

117 1572 195 1647 siae
217 1592 357 1663 semper
371 1564 609 1642 Scholasticos
631 1584 752 1642 coetus
775 1595 891 1643 secum
910 1587 1121 1646 traxerunt..¹
1152 1539 1329 1622 9¹⁴⁰⁸⁸l⁸⁰
1348 1536 1396 1609 αθ
1413 1538 1613 1626 ‘mm’
1640 1546 1806 1611 'emula
1819 1535 2016 1613 M'Feb'l
2028 1537 2139 1616 ¹54⁸·

116 1670 170 1749 Et
184 1686 462 1746 consentaneum
478 1685 547 1758 est,
566 1674 757 1745 vetustiora
777 1668 849 1744 esse
864 1676 1022 1766 exempla
1035 1671 1103 1745 hu·
1153 1662 1238 1713 ‘’m''
1264 1638 1530 1714 decernimur
1557 1638 1705 1737 limam
1730 1643 1939 1715 9⁰⁶l⁰l¹⁴m
1968 1646 2009 1714 'l'
2034 1651 2142 1718 '‘tri'’

73 1853 76 1857 ,
118 1778 180 1851 tus
201 1776 269 1850 rei.
317 1772 595 1846 PrimosPatres
618 1779 793 1871 usquead
819 1777 929 1849 Moisi
954 1791 1102 1848 aetatem
1217 1765 1286 1838 Ψ
1311 1738 1533 1817 ⁸⁶¹⁴Y⁰D⁰tlb
1559 1742 1834 1818 citimam
1858 1749 2084 1820 Ρθῦΐαπο.

117 1890 215 1952 certa
229 1876 393 1948 sodalitia
407 1876 611 1948 auditorum
628 1875 794 1949 babuisse
811 1879 975 1951 arbitror.
1000 1878 1104 1950 Post-

118 2004 162 2055 ea
196 1978 399 2051 institutum
433 1990 485 2048 est
509 1976 707 2072 Collegium
734 1983 779 2052 ad
804 1980 1105 2069 Tabernaculum,

119 2079 220 2155 baud
253 2082 383 2166 dubie,
412 2081 510 2151 utin
536 2106 575 2152 ea
597 2083 795 2177 frequentia
820 2087 1018 2156 traderetur
1039 2087 1105 2155 do-

117 2184 237 2260 ctrina
258 2183 473 2257 iunioribus.
530 2178 586 2254 Ex
610 2180 675 2255 hae
694 2181 887 2256 Academia
914 2186 1106 2258 extiterunt

85 2314 90 2319 ”
116 2308 249 2378 mim
263 2285 402 2356 lumim
423 2279 532 2356 h⁰l¹¹⁸
554 2286 699 2378 P⁰P¹¹lls
723 2284 887 2375 smu‘l’
912 2288 1045 2375 5θάοῧ’
1071 2302 1106 2360 ‘²
1155 2322 1275 2414 Quare
1290 2323 1355 2395 etsi
1371 2347 1473 2416 spero
1490 2350 1552 2395 vos
1569 2318 1660 2393 mihi
1676 2325 1816 2394 reniam
1832 2329 1936 2410 darc,
1953 2328 2048 2420 quod
2065 2327 2140 2396 ius-

85 2389 269 2467 Jlmllffl·
320 2384 394 2457 N⁹⁰
416 2400 537 2479 lumi
561 2401 700 2461 [ΨΜ
724 2403 870 2483 impler
888 2391 1105 2462 “remim
1154 2450 1213 2497 sus
1238 2426 1277 2494 in
1305 2422 1402 2497 hunc
1422 2427 1539 2498 locum
1560 2427 1698 2519 prodii,
1725 2440 1844 2498 tamen
1867 2428 1960 2500 sicut
1981 2430 2140 2499 modesta
2201 2447 2211 2456 “

119 2514 183 2563 ‘⁰⁸
203 2503 324 2562 ΜΠ*
348 2502 487 2559 ⁶⁰³⁰¹⁰³
508 2512 593 2564 ⁰⁸⁸²·
642 2489 725 2562 ΝΜ
745 2505 821 2564 “³²
845 2493 962 2564 ‘’⁰5⁰⁵‘'
990 2497 1105 2579 'urbi’
1154 2529 1297 2619 ingenia
1312 2531 1429 2612 decet,
1455 2529 1493 2599 id
1509 2554 1571 2601 ros
1587 2532 1742 2600 orandus
1758 2552 1831 2601 esse
1843 2530 1943 2602 duxi.
1994 2527 2139 2600 Fortas-

120 2583 185 2665 κά
206 2591 392 2710 dmm,
410 2591 538 2712 fflpdlb
566 2593 697 2712 didita·
756 2592 830 2666 Nec
863 2597 1105 2669 ³d⁰¹⁸³⁶e¹¹²⁸⁸
1155 2633 1202 2701 sis
1227 2643 1344 2702 autem
1366 2631 1447 2701 ideo
1471 2626 1543 2703 huc
1565 2632 1795 2719 adducimur,
1820 2633 1917 2705 utin
1931 2627 2140 2725 hisspecta·

119 2706 264 2769 tantum
280 2709 342 2765 aut
357 2718 425 2762 vrrs
443 2693 496 2763 rbr
512 2697 776 2771 erudrebantnr.
828 2694 943 2771 Erant
966 2712 1000 2770 et
1025 2724 1105 2770 mu·

1155 2733 1244 2805 culis
1258 2733 1428 2803 admirari
1443 2727 1598 2805 honores
1613 2735 1814 2805 studiorum
1831 2735 2019 2815 discamus,
2047 2747 2082 2804 et
2094 2736 2138 2803 ad

302 2897 310 2914 ,
534 2900 542 2916 ,
1366 2858 1522 2905 amorem
1543 2838 1789 2906 accendamur.
1847 2833 1896 2908 Et
1914 2838 1958 2908 ut
1978 2836 2140 2931 quaestio

119 2925 187 2989 ¹¹²³
214 2895 355 3019 Mfm’
380 2923 453 2969 ¹¹⁰³
480 2892 750 3019 Ph¹l⁰⁵⁰l³h³ffl⁰
777 2917 869 2977 ’ω’
920 2902 1104 2975 meldum
1156 2929 1308 3029 intelligi
1331 2936 1459 3029 possit,
1493 2962 1598 3033 quam
1623 2939 1797 3023 recitabo,
1833 2939 1932 3031 prius
1967 2942 2141 3033 quaedam

120 3014 242 3075 sutem
257 3002 510 3071 instaurandae
525 3004 707 3075 doctrinae
723 3028 824 3076 cansa
833 3004 929 3077 Deus
943 3007 1108 3078 excitavit
1156 3042 1335 3112 narranda
1352 3051 1445 3109 sum·

119 3097 340 3197 Prophetas,
366 3102 429 3197 qui
443 3104 639 3195 peculiares
657 3102 805 3177 Scholas
822 3103 1013 3184 habebant.
1052 3106 1106 3180 lta

120 3200 322 3280 Iohannem
338 3216 373 3275 et
384 3199 568 3276 Christum
584 3208 725 3296 agmina
740 3222 833 3279 certa
849 3210 1105 3302 discipulorum
1258 3207 1349 3279 Cum
1365 3203 1547 3299 Antonius
1562 3222 1597 3278 et
1611 3203 1785 3279 Octavius
1799 3210 1844 3279 ad
1865 3206 2044 3279 Mutinam
2064 3231 2139 3278 eer-

120 3307 375 3405 seqnebantur.
425 3303 516 3377 Cum
531 3322 649 3380 autem
659 3306 824 3411 Apostoli
841 3312 1108 3384 constituissent
1160 3314 1204 3382 tis
1218 3311 1443 3403 pactionibus
1467 3333 1504 3378 se
1526 3310 1811 3393 coniunxissent,
1838 3335 1878 3381 ac
1899 3311 2024 3381 foedus
2047 3310 2142 3381 inter

101 3408 318 3505 ‘Ecclesium
343 3408 474 3502 passim
499 3426 534 3480 et
556 3411 624 3501 ipsi
649 3413 734 3481 tales
760 3409 908 3486 Scholas
936 3415 1109 3485 adiunxe-
1160 3413 1388 3497 refecissent,
1414 3408 1569 3483 Romam
1591 3413 1794 3498 redierunt,
1817 3414 1879 3483 ubi
1902 3427 2002 3506 rapta
2024 3413 2142 3481 domi-

120 3526 225 3589 runt.
276 3510 439 3583 Fuerunt
459 3511 568 3605 igitur
588 3509 827 3587 Alexandriae
856 3530 891 3586 et
920 3518 1005 3587 alibi
1038 3518 1110 3586 fre·
1160 3502 1325 3600 nation'c,
1351 3514 1465 3583 edicta
1486 3513 1756 3606 proscriptionis
1780 3517 1948 3585 adversus
1976 3514 2141 3585 inimicos

120 3625 273 3715 quentes
304 3607 473 3699 scholae,
517 3638 667 3709 quarum
701 3619 774 3688 duo
807 3620 953 3690 fuerunt
983 3619 1108 3694 officia.
1160 3641 1243 3689 suos
1270 3629 1553 3708 proposuerunt,
1584 3630 1737 3710 suntque
1757 3618 1877 3689 statim
1899 3616 2004 3686 initio
2028 3616 2140 3686 inter-

118 3716 331 3795 Doctrinam
367 3738 581 3809 propagare,
615 3733 650 3789 et
681 3742 841 3792 exercere
865 3716 1007 3794 'iudicia
1039 3718 1110 3794 Ee·
1161 3720 1243 3791 fecti
1267 3717 1320 3794 M.
1338 3717 1482 3804 Cicero,
1505 3716 1548 3792 L.
1564 3714 1714 3805 Caesar,
1749 3720 1868 3790 etalii
1894 3718 2034 3792 nobiles
2060 3718 2140 3788 viri.
2180 3776 2183 3781 .

120 3821 261 3897 elesiae.
1162 3823 1246 3895 Fuit
1267 3836 1384 3894 autem
1406 3821 1501 3892 inter
1524 3820 1739 3914 proscriptos
1760 3835 1796 3893 et
1808 3820 1942 3905 Varro,
1967 3822 2029 3914 qui
2058 3844 2141 3911 pro-

175 3932 180 3939 “
222 3919 327 3991 Talia
351 3920 459 3991 fuisse
479 3917 638 4010 Collegia
660 3921 765 3993 initio
782 3923 870 3992 etin
888 3921 1111 3996 Germanicis
1163 3941 1241 4019 pter
1277 3925 1521 4005 nobilitatem,
1561 3936 1727 4008 aetatem,
1768 3924 2005 3994 eruditionem
2048 3922 2141 3992 inter

1152 1899 1244 1986 Non
1267 1927 1321 1986 est
1341 1928 1483 1987 nostrae
1510 1915 1635 1986 aetatis
1658 1915 1855 2007 disputare,
1887 1939 1959 2009 quo
1989 1916 2140 1987 consilio

1154 2011 1224 2088 huc
1251 2019 1477 2088 adducantur
1501 2017 1622 2115 pueri,
1656 2032 1697 2091 ut
1720 2018 1863 2111 publice
1890 2019 2039 2090 recitent
2074 2019 2141 2090 ali·

1154 2143 1260 2212 quam
1282 2120 1459 2190 eruditam
1484 2119 1740 2214 quaestionem.
1792 2120 1862 2193 Sed
1887 2120 1926 2190 in
1953 2117 2019 2192 hac
2039 2122 2140 2191 infir-

1154 2220 1277 2293 mitate
1316 2221 1439 2292 aetatis
1480 2223 1666 2314 praecipua
1702 2222 1778 2292 laus
1815 2237 1867 2293 est
1904 2223 2140 2298 obedientiae.

119 2799 253 2870 lierum
264 2820 306 2867 ae
319 2792 524 2866 Puellarum
547 2793 705 2880 scholae,
732 2798 784 2870 ibi
796 2796 1001 2885 Elisabeth,
1027 2802 1105 2872 An·
1155 2837 1340 2906 literarum

120 4022 348 4108 civitatibus,
373 4047 450 4093 non
471 4023 622 4093 dubium
645 4039 708 4099 est.
761 4022 888 4097 Statim
910 4026 1006 4097 enim
1028 4041 1110 4119 post
1162 4028 1368 4120 praecipuos
1391 4024 1579 4104 Senatores
1604 4039 1690 4095 erat.
1756 4022 1864 4106 Hunc
1884 4026 1976 4096 alius
1996 4024 2141 4119 quidam
2261 4102 2265 4106 ,

120 4124 316 4218 Apostolos
330 4121 427 4195 Dens
450 4139 485 4196 et
509 4119 600 4193 hanc
615 4127 798 4197 nationem
815 4131 858 4197 ad
873 4123 1109 4221 Evangelium
1161 4130 1312 4204 Senator
1325 4126 1454 4198 Fusius
1469 4124 1623 4199 Calenus
1639 4124 1789 4197 Antonii
1804 4128 1955 4209 amicus,
1973 4127 2034 4221 qni
2050 4149 2142 4194 sem·

121 4227 275 4301 vocavit.
326 4222 544 4318 Argentinac
565 4229 688 4299 docuit
704 4225 908 4317 Maternus,
932 4231 1030 4302 Petri
1046 4257 1111 4302 au·
1163 4257 1226 4327 per
1249 4232 1284 4301 in
1311 4230 1446 4301 Senatu
1475 4230 1591 4300 fuerat
1620 4221 1798 4313 hortator,
1828 4244 1869 4302 ut
1902 4228 2141 4298 mediocribus

120 4332 238 4415 ditor,
278 4326 413 4400 Lucius
443 4325 647 4423 Cyrenaeus
682 4332 721 4402 in
758 4330 917 4424 Augusta
950 4332 1110 4416 Tiberia,
1161 4333 1429 4405 conditionibus
1444 4355 1510 4423 pax
1528 4331 1621 4401 inter
1636 4331 1729 4399 cives
1746 4333 1862 4414 lieret,
1888 4332 1926 4399 in
1943 4332 2045 4400 aedes
2060 4350 2141 4399 suas

120 4456 216 4531 quae
229 4454 326 4503 nunc
343 4444 395 4502 est
409 4428 683 4524 Regensburglr,
708 4432 878 4505 Crescens
889 4433 1111 4525 Moguntiae,
1162 4437 1251 4507 clam
1268 4435 1417 4526 recepit,
1442 4446 1477 4502 et
1499 4433 1638 4526 aliquot
1651 4456 1789 4503 menses
1808 4433 1964 4516 abdidit,
1989 4454 2062 4500 non
2074 4427 2142 4498 ¹de-

118 4535 289 4610 Clemens
313 4530 423 4616 Meti,
459 4530 603 4605 Marcus
627 4532 732 4607 Pauli
762 4560 878 4607 comes
902 4538 941 4606 in
966 4536 1110 4624 Passau,
1161 4538 1305 4608 territus
1319 4531 1471 4606 Antonii
1490 4534 1635 4605 victoris
1656 4535 1713 4604 vel
1735 4535 1916 4605 iracundia
1938 4534 1994 4603 vel
2014 4532 2142 4606 edicto.

120 4630 506 4731 TrophimusArelati.
558 4634 629 4709 Sed
646 4652 765 4731 postea
776 4636 949 4713 Vandalis
963 4637 1109 4711 etHun-
1160 4636 1240 4709 Hoc
1254 4652 1413 4737 tempore
1427 4637 1591 4707 romalii
1608 4636 1744 4727 expulsi
1768 4638 1896 4728 passim
1919 4639 2175 4718 necarentur,

119 4741 182 4813 nis
202 4739 323 4810 omnia
347 4738 587 4824 vastantibus,
613 4742 730 4813 studia
753 4740 936 4812 doctrinae
957 4742 1110 4812 extincta
1162 4766 1264 4833 saepe
1280 4737 1462 4811 Antonius
1483 4740 1521 4809 in
1537 4735 1662 4810 Caleni
1680 4741 1831 4809 domum'
1841 4740 1959 4824 venit,
1984 4751 2026 4808 ut
2047 4738 2141 4829 apud

121 4856 221 4916 sunt.
272 4836 322 4912 Et
346 4840 554 4931 peregrinae
578 4844 740 4914 nationes
763 4843 907 4935 ignarae
926 4842 1111 4935 religionis
1163 4844 1315 4914 amicum
1332 4842 1591 4913 convivaretur.
1649 4836 1696 4910 Et
1718 4854 1836 4910 tamen
1850 4839 1968 4912 Varro
1993 4839 2045 4910 ibi
2065 4852 2143 4911 tuto

120 4945 337 5021 deleverunt
363 4938 557 5026 Ecclesias,
591 4970 681 5040 qnae
712 4960 792 5038 post
814 4944 1029 5039 Gregorium
1052 4947 1111 5016 in·
1163 4946 1306 5017 latebat.
1339 4944 1501 5015 Tandem
1518 4967 1598 5013 eum
1613 4943 1752 5013 videret
1764 4939 1937 5029 Calenus,
1963 4940 2144 5012 saevitiam

120 5060 301 5123 stauratae
316 5057 420 5129 sunt,
445 5069 526 5116 curn
542 5044 612 5116 iam
630 5049 898 5141 superstitiones
913 5049 1046 5120 multae
1071 5049 1111 5117 in
1164 5047 1431 5142 proscriptionis
1462 5046 1658 5136 mitigatam
1688 5069 1781 5126 esse,
1814 5059 1850 5115 et
1871 5047 2003 5117 factum
2030 5037 2147 5113 Anto-

119 5148 318 5227 Ecclesiam
345 5147 567 5238 irrupissent.
626 5147 841 5245 Quanquam
875 5166 991 5223 antem
1024 5146 1112 5221 haec
1162 5152 1263 5221 nium
1280 5149 1566 5242 placabiliorem,
1590 5148 1801 5237 deprecatur
1822 5170 1888 5241 pro
1906 5145 2088 5228 Varrone,
2113 5157 2149 5213 et

122 5252 280 5327 recentia
303 5246 461 5339 Collegia
495 5248 685 5322 constituta
719 5249 910 5340 aCarolo,
941 5250 1112 5340 Henrico,
1163 5254 1291 5324 latetur
1307 5276 1325 5321 a
1342 5273 1379 5320 se
1396 5250 1539 5321 interim
1558 5249 1771 5320 occultatum
1788 5273 1873 5321 esse.
1921 5240 2150 5319 LaudatAn-

123 5349 308 5433 Otthone,
325 5350 463 5444 aliquid
478 5346 659 5424 habebant
672 5376 834 5427 errorum
849 5355 971 5443 initio,
994 5367 1110 5428 tamen
1163 5353 1285 5427 tonius
1298 5350 1424 5426 Caleni
1440 5351 1566 5433 fidem,
1593 5351 1731 5423 etiamsi
1756 5365 1880 5425 contra
1894 5342 2049 5424 edictum
2065 5369 2151 5443 pro·

162 5462 345 5530 disseres.
362 5456 466 5524 ona
494 5456 578 5525 Vos.
593 5458 641 5527 X.
1451 5449 1503 5525 47
