4546 5760
110 116 193 193 rar
317 156 323 189 ,
699 84 1140 221 ,ooarsrroues
1174 100 1579 188 acrosancta
2089 110 2166 189 aar

220 283 315 363 Cum
330 284 440 380 igitur
454 278 542 358 baec
555 284 715 382 quaestio
731 285 932 357 doctrinam
947 285 1042 357 vitae
1055 307 1120 370 uer
1172 281 1259 372 legis
1283 282 1445 355 naturale
1470 295 1539 367 ert,
1579 281 1673 377 qood
1701 295 1841 356 accusat
1863 306 1929 354 uos
1955 305 2036 355 corn
2062 283 2168 356 lateri

115 391 332 473 cessariam,
363 403 400 461 et
429 389 573 483 plenam
607 388 820 459 eruditionis
854 389 1054 469 contineat,
1085 398 1121 456 ει
1171 407 1357 474 cogamur,
1389 409 1527 479 semper
1550 384 1686 478 aliquid
1713 384 1873 455 sordium
1895 399 1932 458 et
1955 385 2204 458 vitiosorumx

100 493 328 575 'dolcissimo
358 491 531 583 sapientia
560 491 624 575 sit,
658 491 798 561 erudita
812 491 1008 584 explicatio
1032 488 1120 581 legis
1171 487 1362 557 affectuum
1387 486 1571 557 inanimis
1587 481 1743 560 haerere.
1791 484 1977 559 Praeterea
1995 513 2076 560 cum
2094 488 2168 561 siut

95 596 286 693 divinae:
300 593 400 669 ,Peto
413 620 432 662 a
450 607 484 664 ιε
499 592 693 664 clarissime
707 589 753 664 D.
769 589 922 679 Doctor,
947 607 987 666 ut
1002 590 1119 663 coetui
1172 589 1284 660 multa
1300 588 1427 660 delicta
1442 612 1533 684 quae
1547 589 1614 682 ipsi
1631 613 1706 658 non
1721 587 1906 675 novimus,
1931 613 2022 685 quae
2039 589 2069 660 si
2083 612 2168 684 poa-

118 693 344 773 Scbolastico
367 695 551 781 ostendas,
573 697 754 789 quomodo
776 695 1029 786 intelligendae
1047 694 1119 765 siut

118 794 191 871 bae
203 799 483 892 propositiones:
510 794 592 867 lure
608 809 756 867 naturae
768 819 871 867 usum
886 821 1005 866 rerum
1020 820 1119 867 com-

118 924 267 973 munem
298 923 384 970 esse.
438 895 502 982 Et,
545 896 731 969 Naturalia
765 899 1002 969 immutabilia
1033 921 1119 981 esse,

105 998 169 1085 Jlit
184 1004 271 1098 quid
289 1004 334 1073 de
348 997 541 1092 Augustini
556 1001 652 1070 dicto
668 1001 895 1070 sentiendum
913 1001 969 1072 sit.
1021 996 1118 1070 Haec

119 1120 182 1179 tua
201 1105 389 1197 explicatio
407 1103 511 1173 nobis
527 1101 644 1189 utilia,
668 1117 702 1172 et
720 1103 833 1172 doctis
848 1117 947 1193 grata
964 1103 1043 1172 erit.

225 1251 304 1328 Oro
332 1270 450 1327 autem
475 1253 589 1324 lilium
614 1251 700 1338 Dei,
733 1249 931 1331 Dominum
955 1269 1117 1326 nostrum

118 1358 240 1433 lesum
252 1355 455 1442 Christum,
481 1372 521 1428 ut
542 1349 635 1425 hanc
651 1350 865 1442 Ecclesiam,
890 1370 924 1428 et
948 1351 1016 1427 bos
1034 1381 1118 1427 coe·

115 1477 177 1534 tus
203 1455 463 1544 scholasticos,
496 1471 532 1528 et
562 1471 616 1542 te,
650 1472 765 1528 servet
792 1470 827 1528 et
849 1459 1045 1546 gubernet,
1077 1472 1118 1529 ut

116 1564 197 1658 ipse
220 1586 241 1633 a
263 1549 369 1632 nobis
390 1584 533 1655 quoque
557 1558 596 1628 in
619 1559 721 1629 omni
737 1560 945 1634 aeternitate
962 1562 1118 1632 celebre-

118 1678 193 1738 tur.
246 1662 345 1737 Dixi.

119 1930 1115 1947 W—-o-mm*

879 2152 933 2219 28.
942 2148 1011 2224 lun.
1023 2154 1117 2221 1552.

900 2244 1112 2285 *ow

189 2380 258 2452 sse
273 2377 430 2453 apographo
444 2374 475 2431 in
489 2374 561 2431 cod.
573 2367 661 2430 Paris.
695 2373 734 2431 D.
746 2373 778 2435 l..
793 2375 857 2431 6l⁴0

120 2554 504 2646 vemetioedomino
517 2555 572 2626 M.
597 2549 763 2625 Iacobo
789 2554 1118 2644 Oomeotoeoo,

118 2665 298 2750 Bolseno,
333 2663 375 2732 in
399 2660 636 2750 pronrotioue
665 2657 941 2750 Mopiatrorurn
967 2656 1117 2749 publice

115 2767 294 2858 poposite
323 2763 364 2832 tn
392 2757 523 2832 sobole
557 2754 816 2854 Vitebergenai
845 2755 907 2831 28.
929 2756 994 2830 die
1016 2765 1118 2833 lenti

131 2889 233 2939 enno
261 2861 369 2940 155².
391 2864 550 2944 Decurre
570 2854 630 2932 M.
656 2863 863 2933 Martiae
890 2865 1104 2952 Simone,

524 2960 712 3034 Brundeb.

121 3122 329 3226 Utrumque
359 3124 549 3203 honestum
573 3140 644 3211 cst,
678 3140 713 3199 et
735 3151 801 3196 nos
824 3120 1029 3198 reverenter
1051 3132 1117 3200 ob·

119 3253 318 3329 temperare
343 3230 495 3305 utilibus
517 3230 690 3301 institutis
714 3231 973 3299 academiarum
1001 3246 1033 3300 et
1055 3256 1117 3301 vos

120 3363 187 3437 pro
220 3351 334 3407 vestra
366 3331 586 3409 humanitate
616 3331 705 3401 boui
730 3332 914 3401 consulere
939 3335 1117 3404 orationes

119 3464 268 3524 eorum,
295 3437 358 3533 qui
380 3459 454 3505 raon
477 3433 678 3525 arrogantia
702 3430 772 3504 buc
787 3436 830 3503 ad
849 3434 1039 3503 dicendum
1058 3459 1117 3506 ac-

120 3545 271 3625 cedunt;
297 3541 358 3609 sed
376 3553 416 3608 ut
436 3536 610 3607 voluntati
631 3550 897 3627 praeceptorum
915 3551 949 3605 et
966 3562 1116 3606 consue·

119 3643 243 3717 tudini
265 3640 446 3715 obediant.
497 3634 595 3707 Haec
619 3663 698 3707 cum
723 3638 770 3708 ita
796 3638 885 3722 sint,
910 3653 989 3729 peto
1011 3665 1030 3706 a
1052 3665 1116 3708 vo-

120 3748 196 3831 bis,
221 3759 261 3816 ut
284 3738 376 3813 banc
400 3764 513 3810 meam
534 3740 731 3809 orationem
756 3741 931 3831 patienter
952 3734 1115 3810 audiatis.

1171 707 1255 762 sunt
1277 691 1314 760 in
1339 692 1444 763 nobis
1467 686 1632 775 haerere,
1652 692 1835 786 quomodo
1850 693 2025 762 affirmare
2040 714 2168 785 possu-

1172 818 1271 877 mus,
1297 817 1363 862 nos
1379 791 1456 864 Deo
1475 793 1611 884 placere
1628 807 1694 867 ete.
1746 788 1834 883 ltem
1850 797 2030 887 quomodo
2047 796 2115 866 scis
2130 809 2165 866 te

1171 895 1310 988 placere
1330 921 1411 964 cnm
1432 896 1523 965 scire
1542 921 1616 965 non
1632 896 1744 988 possis
1759 918 1920 979 causam,
1946 921 1992 970 an
2008 896 2075 965 scis
2093 896 2165 967 ele-

1171 1012 1258 1071 ctus.
1308 993 1407 1067 llaec
1427 1012 1632 1086 argumenta
1657 1021 1729 1067 non
1749 996 1876 1066 leviter
1897 1000 2044 1068 turbant
2061 1022 2165 1068 men·

1170 1111 1240 1182 tes,
1266 1122 1330 1168 nec
1346 1100 1423 1168 sine
1441 1123 1569 1189 magno
1587 1099 1778 1169 certamine
1797 1099 1943 1168 eluctari
1961 1123 2002 1168 ex
2020 1100 2164 1171 dubita·

1171 1200 1268 1271 tione
1285 1224 1481 1291 possumus.
1522 1199 1738 1295 Quanquam
1754 1212 1870 1270 autem
1888 1201 2065 1292 speciosae
2080 1216 2165 1274 sunt

1169 1298 1236 1372 bae
1257 1304 1494 1387 obiectiones,
1519 1316 1636 1374 tamen
1663 1327 1730 1372 vor
1755 1301 1877 1372 divina
1900 1302 2086 1373 retinenda
2101 1317 2166 1392 est,

1170 1430 1261 1499 quae
1276 1406 1379 1475 toties
1395 1406 1495 1475 iubet
1508 1406 1650 1475 credere
1665 1404 1910 1474 remissionem
1927 1418 2164 1497 peccatorum,

1170 1508 1260 1577 sicut
1282 1506 1320 1576 in
1345 1508 1431 1577 actis
1455 1505 1598 1581 dicitur.
1648 1504 1742 1576 Huic
1758 1530 1881 1575 omnes
1898 1500 2093 1598 prophetae
2109 1518 2162 1577 te·

1170 1610 1378 1679 stimonium
1409 1605 1618 1700 perhibeat,
1660 1608 1904 1677 remissionem
1938 1621 2163 1699 peccatorum

1170 1712 1327 1802 accipere
1358 1736 1422 1802 per
1451 1735 1582 1781 nomen
1614 1710 1690 1781 eius
1719 1710 1928 1804 omnesqui
1953 1710 2163 1783 creduntin

1170 1837 1263 1888 eum.
1315 1811 1364 1886 Et
1381 1812 1513 1883 Paulus
1536 1815 1580 1882 acl
1602 1806 1774 1903 Ephesios
1790 1813 1946 1883 ostendit
1963 1812 2069 1881 tidem
2087 1835 2163 1884 esse

1169 1915 1334 1985 fiduciam
1349 1918 1572 1985 accedentem
1590 1916 1633 1985 ad
1646 1912 1761 1984 Deum
1779 1913 1816 1981 in
1834 1913 1962 1984 fiducia
1979 1915 2163 2007 perfidem

1162 2016 1208 2084 ‚in
1234 2018 1363 2108 ipsum.
1417 2017 1518 2088 Sicut
1540 2029 1575 2088 et
1597 2020 1641 2089 ad
1663 2013 1771 2088 Rom.
1793 2016 1927 2108 inquit:
1960 2009 2168 2106 laetificati

1171 2112 1241 2188 tide
1255 2141 1381 2215 pacem
1397 2112 1576 2188 bohemus
1592 2126 1623 2188 et
1640 2134 1822 2188 necessum
1836 2111 1893 2185 od
1902 2112 2038 2190 Deum.
2090 2115 2164 2189 De-

1171 2221 1279 2314 nique
1302 2222 1479 2292 amittitur
1499 2221 1690 2313 discrimen
1713 2219 1801 2310 legis
1823 2232 1858 2289 et
1876 2215 2064 2309 Evangelii
2082 2244 2164 2290 cum

1170 2325 1343 2393 docentur
1356 2318 1531 2406 homines,
1555 2324 1772 2393 manendum
1787 2320 1911 2391 esseio
1927 2322 2164 2397 dubitatione.

1171 2414 1255 2493 lilco
1281 2424 1377 2493 enim
1400 2423 1589 2517 promissio
1608 2422 1871 2494 misericordiae
1885 2423 2005 2493 addita
2023 2438 2095 2509 εει,
2122 2437 2163 2496 ut

1169 2526 1256 2596 certi
1285 2525 1416 2610 aimus,
1447 2523 1586 2595 etiamsi
1616 2548 1739 2597 sttruos
1762 2524 1960 2614 iudigniet
1980 2524 2163 2621 immundi
2203 2508 2210 2532 ⁸

1169 2627 1278 2720 recipi
1297 2651 1362 2697 nos
1378 2644 1495 2701 tamen
1511 2627 1616 2699 aDeo
1630 2640 1776 2720 propter
1792 2626 2021 2696 mediatorem
2037 2627 2163 2703 filium.

1168 2727 1267 2800 Haec
1290 2730 1479 2820 promissio
1504 2755 1574 2800 vox
1596 2745 1647 2801 εει
1661 2724 1847 2826 Evangelii
1867 2729 2029 2820 propria,
2056 2753 2162 2822 quam

1168 2832 1230 2924 qui
1256 2855 1329 2908 non
1355 2832 1613 2922 amplectantur
1627 2855 1766 2901 carcere
1786 2830 1871 2920 legis
1888 2830 2018 2920 captivi
2037 2844 2164 2899 teneu-

1168 2947 1238 3016 tur,
1263 2933 1440 3018 dubitant,
1464 2932 1605 3021 fugiunt
1620 2931 1748 3015 Deum,
1774 2956 1838 2999 nec
1852 2946 1989 3004 curant.
2040 2927 2164 3001 Evan-

1169 3036 1319 3125 gelium,
1343 3058 1424 3104 cum
1439 3033 1610 3106 Salomon
1627 3027 1694 3102 boc
1707 3033 1823 3124 ipsum
1841 3033 1947 3119 velit,
1973 3034 2017 3101 de
2032 3033 2163 3119 volun-

1168 3150 1240 3207 tate
1254 3133 1320 3206 Dei
1345 3151 1379 3205 et
1400 3135 1511 3227 ipsius
1535 3136 1645 3205 verbo
1668 3134 1898 3203 iudicandum
1916 3157 2006 3218 esse,
2030 3157 2104 3203 non
2120 3158 2161 3203 ex

1167 3238 1321 3308 externis
1342 3236 1551 3328 spectaculis
1574 3260 1694 3306 rerum
1719 3225 1954 3306 secundarum
1978 3249 2012 3307 et
2035 3237 2163 3305 adver-

1167 3364 1310 3424 sarum,
1341 3363 1432 3433 quae
1461 3339 1565 3409 bonis
1595 3362 1635 3407 ae
1665 3338 1768 3407 malis
1799 3338 1965 3407 similiter
1984 3337 2162 3412 accidunt.

1168 3439 1284 3510 David
1311 3465 1383 3510 raon
1399 3440 1532 3510 ‘statuat
1548 3462 1585 3509 εε
1600 3463 1618 3508 a
1635 3438 1712 3509 Deo
1730 3439 1905 3509 abiectum
1924 3463 1997 3508 esse
2016 3450 2163 3530 propter
2246 3433 2248 3439 ’

1168 3542 1332 3624 exilium,
1358 3542 1419 3611 sed
1440 3542 1484 3611 de
1508 3541 1690 3610 voluntate
1708 3539 1773 3611 Dei
1798 3540 1932 3611 iudicet
1954 3565 1994 3610 ex
2010 3541 2162 3631 pronois·

1168 3645 1282 3714 sione:
1322 3640 1514 3721 Dominus
1536 3637 1694 3712 abstulit
1716 3650 1912 3740 peccalum.
1979 3640 2160 3712 lerobeam

1168 3772 1241 3815 non
1264 3759 1392 3817 statuat
1415 3769 1451 3817 se
1466 3744 1543 3816 Deo
1569 3745 1706 3837 placere
1731 3751 1915 3837 propterea
1939 3745 2023 3837 quia
2039 3744 2084 3812 ad
2103 3766 2161 3812 rc-

120 3848 166 3922 ln
189 3859 259 3941 qua
280 3840 348 3916 boc
365 3866 507 3938 quoque
525 3843 728 3934 praestabo,
755 3866 800 3909 ue
816 3841 998 3931 prolixitas
1014 3838 1120 3912 vobis
1161 3872 1276 3937 gnum
1311 3863 1451 3920 evectus
1485 3862 1553 3934 est,
1595 3861 1631 3918 et
1660 3847 1816 3937 potentia
1848 3861 1882 3916 et
1906 3844 2018 3935 gloria
2044 3845 2160 3915 floret.

113 3948 339 4023 molestarit.
393 3943 571 4018 Utautem
587 3943 756 4013 usitatum
773 3956 845 4022 est,
870 3945 1114 4035 quaestionem
1166 3950 1237 4022 Sed
1268 3975 1348 4021 eum
1374 3951 1488 4043 prosit
1510 3975 1585 4020 110„
1612 3950 1728 4019 ,olum
1752 3949 1796 4021 ,d
1822 3947 2038 4016 audiendo,
2060 3947 2161 4030 apim·

120 4050 183 4124 hic
211 4071 428 4142 proponere,
461 4046 561 4117 cuius
588 4044 775 4137 explicatio
804 4046 1115 4117 commonefactio-
1166 4052 1347 4136 sedetiam
1366 4054 1411 4122 ad
1428 4052 1604 4143 nosipsos
1623 4050 1885 4120 confirmandos
1904 4048 2088 4142 perspicue
2102 4069 2161 4116 re·

118 4178 206 4226 nem
229 4152 353 4225 utilem
380 4149 556 4228 tonllne'l,
588 4147 725 4217 decrevi
750 4148 794 4215 de
818 4141 883 4216 hac
907 4146 1115 4240 quaestione
1166 4155 1512 4243 lutariargumenta‚
1538 4177 1628 4246 quae
1644 4150 1964 4234 iubentdubitare,
1992 4163 2094 4242 pcto,
2120 4161 2160 4219 ut

120 4257 308 4330 ‘flmme-
366 4248 468 4341 ΟΜ
497 4248 544 4320 ⁸ll
572 4249 745 4320 ⁸0¹¹l⁸¹¹¹l³
777 4249 863 4320 dicii
894 4249 1114 4324 S³l⁰m0¹tl⁸=
1166 4254 1398 4328 Reverendus
1424 4256 1481 4324 vir
1504 4269 1537 4325 et
1554 4253 1687 4324 lloctor
1703 4247 1902 4323 Forsterus
1924 4254 1967 4320 de
1994 4247 2061 4320 bac
2083 4249 2159 4340 ipsa

120 4352 252 4433 ΝΜ
278 4347 389 4425 h⁰m⁰
415 4376 523 4422 “1²²⁰’'
524 4375 576 4420 ‘m
600 4359 632 4420 0¹
654 4346 780 4420 ⁰d¹l¹m
803 4349 967 4421 ‘tmuium
990 4375 1113 4422 coram
1165 4360 1371 4452 qrracstione
1387 4357 1566 4450 copiosius
1583 4381 1639 4426 me
1656 4371 1690 4427 et
1707 4369 1862 4425 caeteros
1878 4353 2058 4424 auditores
2075 4374 2159 4421 eru·

120 4461 218 4560 ipso.
265 4455 315 4538 Et
331 4481 377 4526 an
395 4451 784 4552 SynodusTridentina
801 4468 895 4523 recte
908 4455 1115 4536 decreverit,
1165 4461 1249 4530 diat,

120 4586 263 4654 semper
290 4563 508 4629 manendum
534 4580 608 4626 csse
631 4559 669 4626 in
693 4555 932 4640 dubitatione,
965 4579 1011 4625 an
1035 4557 1114 4648 pla.

120 4688 263 4738 ceamus
279 4659 369 4735 Deo.
419 4658 553 4731 Notum
571 4671 623 4728 est
637 4681 792 4751 sparsim
811 4681 883 4726 esse
900 4672 983 4739 ante
1000 4659 1111 4730 multa

119 4767 259 4840 saecula
284 4764 322 4833 in
347 4758 540 4835 Ecclesiam
566 4775 601 4831 et
617 4776 732 4831 extare
754 4759 794 4829 in
818 4760 956 4851 scriptis
979 4762 1112 4831 multo-

118 4892 203 4942 rum
218 4862 309 4937 banc
327 4865 561 4956 perniciosam
577 4861 802 4953 opinionem,
826 4885 915 4955 quae
932 4862 1031 4932 iubet
1047 4858 1113 4932 bo·

119 4971 236 5044 mines
260 4991 402 5038 manere
426 4967 464 5034 in
486 4965 728 5046 dubitatione,
763 4989 810 5034 an
834 4963 912 5033 Deo
936 4962 1112 5054 placeant:
1177 4934 1321 5009 ΝΟΜ·
1362 5014 1365 5019 .

118 5073 207 5169 quia
222 5067 398 5141 humanae
412 5066 544 5139 rationi
559 5058 702 5137 videtur
716 5067 916 5156 arrogantia
928 5088 1012 5151 esse,
1038 5090 1112 5135 rem
1171 5030 1344 5062 Μ
1433 5075 1440 5084 ”
1703 5085 1710 5101 ·

119 5189 256 5247 tautam
283 5172 487 5254 adfirmare,
521 5169 617 5262 quod
640 5164 716 5237 Deo
741 5169 959 5261 placeamus,
992 5182 1027 5238 et
1055 5191 1112 5237 ar·
1234 5155 1642 5280 troezenaeroana,
1669 5143 2154 5218 ttemtacaostmet.rittpm.

123 5288 290 5369 gumenta
313 5297 386 5343 non
411 5271 505 5342 levia
528 5271 675 5341 turbant
697 5265 872 5342 homiues.
935 5267 1111 5341 Iudicium
1214 5308 1226 5378 '.
1267 5225 1610 5366 nnlbol‘zlffl‘d'lllll·
1620 5225 1868 5356 ellieidblefu
1882 5214 2157 5362 ddiilssidffi
2206 5251 2208 5255 ⁵

1443 5362 1527 5444 se·
1600 5458 1603 5471 ,

1176 4747 1571 4768 -m-
1573 4743 2162 4766 ...mm-*Q-

1932 5025 2153 5059 m

1912 4933 2046 5000 aaran.
2064 4914 2157 5000 asse
2256 4908 2258 4913 ⁴
