4546 5760
116 339 256 422 clesiam
265 335 334 410 Dei
346 340 418 405 ess'e
434 331 531 405 hunc
546 346 696 421 coetum,
723 336 784 428 qui
801 338 974 429 adprobat
988 338 1103 409 libros

117 436 349 535 Propheticos
368 452 404 508 et
420 433 654 528 Apostolicos.
710 438 809 508 ldem
825 455 944 509 coetus
967 464 1105 534 semper

119 558 154 616 et
171 542 340 641 Symbola
365 539 596 633 adprobavit,
621 563 711 631 quae
738 565 897 632 expresse
920 556 1106 628 testantur,

119 647 158 717 in
175 642 317 717 Christo
336 645 424 713 diras
441 664 513 712 esse
536 655 698 723 naturas,
723 636 859 742 λόγον,
883 658 917 713 et
942 660 1106 715 naturam

115 720 339 832 humanam,
365 758 399 816 et
424 743 630 833 intelligunt
654 737 768 843 λόγον
786 739 1056 842 ὑφιστάμενον.

223 947 437 1022 Constanter
453 947 563 1039 igitur
578 942 786 1018 Thammeri
810 962 842 1020 et
858 951 1029 1023 similium
1051 954 1109 1022 fu·

124 1077 222 1126 rores
244 1055 477 1136 detestamur,
504 1051 566 1144 qni
591 1045 848 1121 Mabometicas
870 1051 1110 1146 blasphemias

128 1168 308 1248 spargunt.
360 1150 454 1240 Quia
478 1176 561 1221 vero
584 1166 724 1244 tempus
747 1166 822 1223 non
842 1157 1005 1228 concedit
1027 1181 1109 1248 pro·

88 1244 92 1251 ⁵
125 1259 233 1333 liram
255 1255 531 1347 disputationem
562 1254 720 1339 institui,
752 1269 890 1327 tantum
915 1256 1109 1329 Clementis

98 1401 100 1405 ν
126 1360 259 1436 dictum
284 1356 462 1441 recitabo,
490 1355 553 1449 qni
571 1357 736 1426 adfirmat
759 1351 872 1456 λόγον
895 1361 1021 1447 fuisse,
1048 1387 1110 1454 qur

36 1492 39 1499 ·
127 1460 263 1533 dederit
286 1459 411 1548 legem.
464 1453 512 1529 Et
533 1459 665 1550 inquit:
693 1457 777 1528 ldeo
793 1461 923 1533 diserte
940 1462 1110 1553 scriptum

129 1587 203 1634 esse
219 1555 282 1634 διὰ
297 1557 466 1654 μωσέως,
482 1584 556 1629 uon
569 1555 643 1630 ὑπὸ
656 1557 820 1653 μωσέως.
854 1562 955 1635 Sicut
970 1577 1004 1634 et
1017 1563 1111 1633 Pau-

130 1667 186 1735 lns
202 1663 333 1757 inquit:
361 1657 543 1734 Christum
562 1662 714 1731 adfuisse
724 1660 888 1736 Patribus
907 1668 944 1736 in
960 1668 1111 1736 deserto.

127 1764 175 1838 Et
200 1778 354 1835 vetustas
380 1764 431 1833 sic
459 1764 627 1853 intelligit
650 1763 818 1835 Paulum:
870 1766 941 1839 Per
965 1793 1110 1838 manum

64 1861 67 1869 ’
128 1865 357 1946 Mediatoris,
381 1864 514 1935 scilicet
530 1861 683 1951 Christi,
708 1879 743 1936 et
768 1867 891 1939 dicunt
916 1892 1110 1975 congruum

127 1972 255 2055 fuisse,
286 1982 326 2038 ut
348 1968 440 2038 lator
460 1967 546 2056 legis
573 1967 665 2035 idem
691 1982 779 2038 esset
803 1969 851 2054 is,
882 1973 1003 2067 quiet
1028 1996 1110 2041 vere

127 2073 239 2163 legem
262 2071 417 2162 impleat.
467 2068 594 2142 Dulcis
620 2064 705 2140 haec
727 2075 842 2145 oratio
861 2090 929 2157 est,
954 2072 1013 2165 pie
1035 2099 1110 2145 eam

128 2172 378 2245 consideranti.

230 2358 338 2449 Quod
367 2382 450 2427 vero
476 2354 713 2428 Thammerns
741 2352 951 2430 horribilem
986 2362 1111 2431 confu-

129 2464 265 2533 sionem
289 2462 396 2532 efficit
412 2455 672 2545 Etbnicornm,
699 2459 1050 2547 Mahometistarum,
1078 2480 1111 2533 et

128 2562 326 2644 Ecclesiae,
346 2589 419 2631 non
436 2563 550 2631 solum
569 2564 776 2631 refutandus
793 2577 843 2633 est
860 2565 1033 2648 doctrina,
1050 2572 1108 2635 sed

129 2667 233 2736 etiam
250 2691 268 2734 a
287 2667 352 2755 piis
371 2664 635 2750 Magistratibus
653 2664 795 2753 capitali
819 2667 996 2754 supplicio
1022 2669 1111 2735 adfi-

129 2769 275 2837 ciendus
290 2781 374 2834 crat.
427 2762 477 2834 llt
490 2779 606 2834 autem
622 2766 754 2849 sciatis,
780 2766 946 2858 qualibus
965 2771 1109 2860 praesti-

21 2888 23 2892 *
128 2869 195 2957 giis
217 2862 481 2958 Sophismatum
503 2867 619 2952 ludat,
650 2869 880 2960 praecipuum
910 2870 986 2940 eius
1006 2895 1110 2962 argu-

129 2986 288 3040 mentum
304 2969 472 3039 recitabo.

181 3121 315 3195 Gentes
332 3134 464 3193 norunt
478 3121 674 3213 potentiam
692 3119 771 3194 Dei.
800 3118 907 3193 Rom.
925 3127 959 3195 1.

179 3220 343 3296 Christus
358 3239 408 3295 est
423 3223 580 3314 potentia
599 3219 677 3294 Dei.
708 3225 726 3292 1
746 3218 908 3298 Corinth.
930 3229 963 3302 1.

176 3323 276 3417 Ergo
292 3323 425 3397 Gentes
439 3337 573 3395 norunt
586 3318 780 3396 Christum.

106 3498 108 3565 Ῐ
229 3512 283 3585 lta
300 3513 390 3583 male
405 3510 550 3581 detortis
564 3510 669 3583 Pauli
686 3511 809 3598 dictis,
832 3514 991 3584 stabilire
1004 3529 1111 3586 teter.-

130 3615 218 3685 rima
240 3616 422 3684 mendacia
444 3629 603 3685 curratur.
655 3614 886 3685 Manifestum
917 3631 986 3702 est,
1012 3615 1107 3688 Pan·

29 3746 31 3749 ¹
130 3719 204 3787 lum
228 3719 271 3785 ad
296 3715 479 3788 Romanos
507 3717 604 3808 loqui
638 3720 682 3786 de
721 3716 876 3805 potentia
909 3721 1108 3807 creationis,

129 3819 272 3911 quaein
292 3832 367 3887 toto
384 3829 531 3886 naturae
551 3818 918 3915 ordine'conspicitur.
964 3818 1012 3891 Et
1029 3825 1107 3916 qui-

128 3922 208 3990 dem
228 3921 282 3989 lex
304 3921 409 3989 insita
431 3920 609 3989 mentibus
629 3914 833 4005 hominum,
856 3920 1108 3995 demonstratio

128 4023 274 4091 immota
290 4035 358 4106 est,
382 4023 571 4090 osteudens
587 4045 659 4090 csse
673 4019 808 4104 Deum,
824 4034 857 4091 et
874 4046 947 4091 esse
965 4026 1107 4116 sapien-

128 4140 217 4208 tem,
243 4148 420 4203 veracem,
446 4124 602 4203 bonnm,
629 4125 841 4208 beneficum,
867 4123 1019 4205 iustum,
1048 4154 1108 4199 ,ca-

127 4241 242 4309 stum,
259 4225 451 4295 ,vindicem
475 4225 657 4297 scelerum.
714 4225 785 4296 Sed
811 4225 849 4293 in
876 4222 1038 4317 Epistola
1061 4233 1104 4300 ad

125 4321 334 4398 Corinthios
355 4327 466 4418 capite
481 4326 618 4417 primo,
643 4327 804 4421 loquitur
819 4325 952 4398 Paulus
976 4331 1020 4398 de
1041 4356 1105 4423 po-

125 4430 235 4501 tentis
251 4429 473 4509 salvationis,
498 4452 587 4521 qnae
606 4445 697 4500 certe
714 4431 834 4519 ignota
852 4430 921 4499 fuit
938 4433 1101 4503 omnium

125 4545 363 4603 creaturarum
387 4530 599 4621 sapientiae,
623 4545 853 4623 antequama
879 4531 951 4601 filio
980 4558 1021 4603 cx
1042 4560 1099 4606 ar-

90 4613 93 4619 *
122 4656 211 4703 cauo
228 4633 376 4703 consilio
392 4631 588 4710 divinitatis
603 4633 739 4723 prolata
755 4646 808 4705 est
822 4634 1022 4725 promissio.

223 4812 361 4889 Herum
390 4817 622 4888 maximarum
651 4842 769 4888 rerum
796 4818 992 4890 doctrinam
1025 4836 1100 4895 stu-

96 4918 220 4992 'diose
243 4914 439 5007 discamus,
464 4934 499 4990 et
521 4933 643 4990 contra
668 4914 903 5025 sophisticam
930 4947 995 4992 nos
1018 4951 1099 4998 mu.

96 5004 272 5095 biamus.
327 5014 404 5090 Oro
427 5037 543 5093 autem
566 5021 679 5092 filium
694 5018 782 5107 Dei,
807 5018 1003 5095 Do'minum
1030 5053 1097 5100 no-

119 5143 231 5200 strum
256 5123 371 5195 lesum
397 5108 603 5211 Christum,
627 5137 670 5197 ut
691 5148 757 5194 nos
774 5126 914 5212 doceat,
940 5142 1036 5220 regat
1061 5146 1096 5203 et

92 5210 284 5325 protegat.
333 5220 461 5298 Amen.
515 5328 521 5335 .

684 142 1117 253 outusrr'ottn's
1151 160 1558 258 seruantem.
1604 223 1606 225 -

2026 139 2155 267 uasts

1165 345 1232 422 No.
1249 351 1310 426 68.

1163 444 1336 476 Μ

1938 460 2149 498 Μ

1260 565 1292 620 ln
1307 567 1468 637 Quaestion.
1484 592 1510 644 p.
1529 572 1601 629 152⁶
1612 592 1673 648 sqq.

1159 769 1361 861 Responsio
1387 778 1440 848 D.
1463 782 1579 851 Geor
1586 803 1623 878 9.
1647 784 1857 859 Maioris
1881 789 1932 861 nd
1958 802 2151 886 quaestio·

1160 892 1269 944 nem.-
1298 880 1432 951 Utrum
1448 884 1652 957 secundum
1677 891 1845 980 scriptus
1870 894 1970 990 lepes
1991 901 2048 969 stt
2064 921 2149 992 pro·

1513 987 1797 1063 nuntiandum?

1161 1107 1325 1198 Omnino
1358 1155 1482 1202 verum
1515 1148 1585 1220 est,
1628 1133 1721 1209 hanc
1756 1141 1936 1232 politicam
1974 1146 2150 1222 iusticiam

1161 1230 1325 1298 umbram
1345 1255 1418 1301 esse
1434 1249 1471 1304 ct
1494 1237 1787 1327 significationem
1811 1247 1855 1314 de
1878 1247 2064 1320 voluntate
2084 1251 2151 1323 Dei

1099 1361 1108 1378 ·
1162 1328 1200 1396 in
1222 1331 1345 1401 multis
1365 1339 1503 1425 magnis
1517 1341 1636 1415 rebus.
1689 1341 1778 1413 Vult
1796 1344 1889 1416 lleus
1909 1348 1948 1416 in
1963 1353 2149 1444 suppliciis

1162 1435 1406 1522 praesentibus
1428 1435 1688 1512 homicidarum
1718 1470 1785 1515 nos
1813 1454 2083 1523 commonefieri
2108 1459 2150 1526 de

1162 1546 1312 1605 venturo
1327 1537 1479 1624 iudicio,
1507 1543 1546 1611 in
1563 1568 1634 1637 qno
1651 1549 1812 1617 omnium
1836 1551 1963 1642 impias
1980 1557 2148 1634 volunta·

1162 1648 1213 1703 tes
1230 1650 1264 1704 et
1279 1639 1435 1710 actiones
1459 1643 1679 1716 iudicaturus
1700 1663 1762 1723 est.
1816 1651 1866 1722 lta
1890 1656 1968 1724 vult
1989 1659 2147 1751 conspici

1163 1737 1200 1805 in
1215 1740 1473 1826 gubernatione
1488 1741 1642 1816 humana
1667 1751 1858 1822 discrimen
1879 1779 2022 1827 severae
2045 1762 2147 1834 iusti-

1163 1840 1254 1924 ciae,
1278 1854 1313 1912 et
1329 1846 1534 1936 aequitatis,
1562 1873 1651 1942 quae
1667 1853 1795 1923 usitate
1813 1857 2024 1930 nominatur
2038 1859 2145 1934 ἐπιεί-

1162 1965 1261 2026 κεια,
1287 1959 1326 2014 ut
1350 1947 1526 2018 discamus
1551 1947 1785 2041 Evangelium
1816 1980 1890 2027 esse
1913 1961 2147 2035 clementissi-

1162 2067 1256 2111 mam
1279 2041 1473 2120 ἐπιείκειαν
1502 2053 1745 2126 severissimae
1774 2057 1861 2148 legis
1886 2062 2042 2139 divinae.
2101 2064 2147 2139 Et

1163 2167 1228 2235 pro
1252 2140 1504 2222 hac‘dmeixrca
1523 2156 1729 2226 ardentibus
1750 2161 1952 2248 pectoribus
1974 2166 2045 2256 ipsi
2065 2191 2147 2258 gra·

1162 2247 1229 2316 tias
1241 2270 1395 2337 agamus.
1449 2252 1590 2341 Quanta
1607 2257 1748 2328 bonitas
1768 2276 1836 2346 est,
1860 2267 1957 2357 quod
1974 2261 2063 2339 baec
2088 2273 2145 2340 in·

1163 2341 1288 2418 choata
1308 2353 1509 2424 obedientia
1529 2357 1568 2425 in
1585 2359 1706 2445 nobis,
1733 2386 1823 2453 quae
1840 2360 1957 2438 adhuc
1973 2369 2080 2459 plena
2097 2387 2146 2445 est

1162 2445 1340 2538 sordium,
1365 2469 1484 2525 tamen
1499 2454 1575 2527 Deo
1591 2461 1724 2552 placet,
1749 2464 1884 2537 etiamsi
1905 2473 2033 2560 procul
2049 2475 2145 2546 abest

1161 2576 1181 2620 a
1205 2552 1290 2640 legis
1318 2557 1549 2645 perfectione:
1601 2559 1697 2635 Haec
1711 2567 1816 2636 nobis
1838 2594 1919 2639 cum
1935 2573 2024 2644 alias
2044 2599 2144 2672 saepe

1162 2655 1345 2741 cogitanda
1362 2676 1566 2747 sunt„tum
1582 2688 1665 2734 vero
1680 2668 1888 2758 diligentius
1903 2674 2009 2744 etiam
2028 2681 2144 2748 consi-

1162 2757 1336 2842 deranda,
1362 2763 1499 2851 quoties
1523 2765 1561 2832 in
1586 2767 1681 2851 foro,
1708 2768 1879 2855 incuria,
1904 2777 2021 2846 autin
2041 2776 2142 2850 scho-

1162 2857 1206 2925 lis
1238 2853 1307 2928 hoc
1333 2862 1436 2930 dulce
1466 2889 1595 2934 nomen
1620 2866 1808 2952 ἐπιεικείας
1837 2876 2016 2955 audimus.
2074 2882 2141 2953 Scd

1162 2982 1257 3028 nunc
1274 2965 1317 3030 ad
1337 2967 1580 3055 quaestionem
1594 2983 1690 3040 tuam
1706 2977 1915 3064 respondeo.

1265 3162 1415 3236 Prorsus
1438 3194 1562 3239 verum
1586 3185 1657 3255 est,
1683 3174 1745 3244 nbi
1764 3177 1914 3271 scriptae
1937 3181 2032 3274 leges
2050 3203 2141 3270 sunt,

1163 3269 1473 3356 pronunciandum
1488 3294 1562 3343 esse
1579 3274 1674 3343 iuxta
1693 3278 1884 3370 scriptum,
1910 3284 1946 3353 in
1971 3311 2076 3375 casu,
2100 3293 2142 3360 de

1162 3392 1232 3458 qno
1256 3369 1311 3438 lex
1334 3372 1578 3464 principaliter
1599 3377 1769 3471 loquitur.
1821 3381 1892 3455 Sed
1914 3387 2027 3458 vicini
2046 3416 2143 3463 casus

1162 3470 1266 3540 molti
1280 3471 1459 3558 incidunt,
1488 3477 1526 3544 in
1541 3478 1673 3569 quibus
1687 3484 1884 3572 probabilis
1900 3491 1993 3559 ratio
2008 3497 2140 3575 suadet,

1161 3571 1391 3662 mitigandam
1421 3600 1494 3646 esse
1525 3580 1610 3668 legis
1633 3585 1895 3663 arcerhitatem.
1953 3588 2025 3663 Hic
2048 3621 2142 3666 com-

1161 3676 1378 3745 monefactus
1394 3675 1503 3748 ludex
1527 3676 1590 3751 hac
1606 3707 1706 3752 voce:
1735 3685 1982 3761 Misericordia
2000 3712 2141 3789 superet

1160 3774 1342 3853 iudicium,
1358 3792 1469 3869 potest
1484 3782 1643 3872 mitigare
1658 3786 1788 3872 legem:
1812 3794 1872 3860 sed
1888 3797 2073 3884 probabili
2088 3825 2141 3871 ra·

1159 3877 1269 3953 tisste.
1302 3877 1403 3978 Sient
1417 3896 1450 3951 et
1470 3880 1566 3953 Dens
1584 3909 1656 3954 non
1674 3888 1757 3956 sine
1768 3915 1871 3962 eausa
1888 3897 2028 3987 mitigat
2042 3927 2139 3972 susm

1158 3978 1289 4068 legem,
1322 3984 1382 4050 sed
1408 3985 1623 4055 tristissimas
1645 4013 1777 4080 poenas
1801 4018 1820 4062 a
1843 3995 1918 4064 filio
1944 4025 2011 4090 pro
2036 4006 2139 4075 nobit

1158 4083 1279 4170 poscit.
1331 4081 1471 4154 Deinde
1486 4111 1551 4156 nos
1565 4113 1708 4183 quoque
1720 4112 1844 4167 onerat
1857 4097 2068 4188 ingentibus
2083 4132 2139 4178 ac·

1156 4186 1311 4268 rumnis,
1335 4200 1375 4256 ut
1391 4192 1680 4262 commonefaciat
1702 4218 1767 4263 nus
1786 4202 1880 4267 etde
1902 4224 1965 4272 sua
1988 4206 2137 4295 iusticia,

1155 4297 1190 4353 et
1207 4286 1251 4354 de
1267 4287 1471 4375 elementia,
1497 4317 1566 4384 qtra
1584 4288 1649 4362 has
1671 4296 1765 4386 ipsas
1781 4321 1913 4385 poenas
1929 4307 2087 4399 mitigat,
2105 4326 2137 4382 et

1151 4389 1297 4456 tandem
1313 4390 1426 4473 tollit,
1452 4416 1491 4461 ac
1514 4395 1550 4462 in
1572 4396 1624 4464 ira
1648 4417 1710 4466 sua
1735 4400 1998 4478 misericordiae
2021 4436 2137 4483 recor·

1153 4489 1267 4560 datur.
1325 4489 1431 4580 Quod
1460 4508 1500 4566 ut
1525 4495 1645 4581 saciat,
1671 4516 1704 4569 et
1731 4502 1874 4591 publice
1902 4523 1937 4575 et
1969 4513 2134 4602 privatim

1151 4613 1285 4680 poenas
1300 4591 1419 4679 leniat,
1445 4608 1520 4664 toto
1537 4622 1616 4666 eum
1633 4614 1774 4690 pectore
1788 4628 1864 4675 oro.
1917 4608 2081 4704 Longior
2094 4620 2134 4688 de

1150 4694 1358 4783 qtraestione
1373 4690 1439 4767 bac
1453 4698 1646 4790 disputatio
1671 4698 1730 4773 his
1751 4707 1893 4779 recitari
1916 4736 1993 4784 non
2014 4733 2135 4811 poten.

1149 4790 1246 4865 Dixi.
1358 4823 1362 4826 ·
