4546 5760
24 169 29 181 ·
114 176 191 251 sss
602 179 917 278 Aaronom
940 182 1017 260 ur
1050 178 1284 293 annuus
1311 178 1660 262 concronus
2072 190 2143 271 sao

56 423 69 449 κ
116 355 337 445 libertatem,
362 374 403 431 ut
425 357 709 445 meminerimus,
733 382 811 431 eam
832 359 1010 431 astrictam
1034 381 1108 430 esse
1154 356 1354 428 doctrinam
1370 358 1633 451 percipiendam
1652 383 1743 453 opus
1756 374 1828 448 est,
1846 363 1894 434 ab
1908 363 2142 458 adolescentis

117 459 290 530 divinitus
303 464 407 532 certis
424 460 587 531 vinculis.
620 460 716 532 llaec
732 476 877 555 propter
889 462 1107 533 voluntatem
1154 459 1294 529 animos
1308 460 1484 543 assuefieri
1500 475 1534 532 et
1549 462 1702 544 molliri,
1726 477 1768 536 ut
1781 489 1899 536 amare
1919 463 2141 553 honests,et

117 560 185 631 Dei
199 587 372 657 amemus,
399 577 433 632 et
447 564 607 634 libenter'
621 565 809 655 patiamur.
860 563 1040 659 Tyrannis
1057 576 1109 635 est
1153 562 1275 650 fugere
1297 562 1555 653 turpitudinem
1577 565 1724 640 discant.
1777 563 1902 661 ltaque
1919 568 2000 638 iure'
2020 570 2141 662 deplo-

119 686 256 735 sumere
273 658 340 734 sibi
355 666 554 736 libertatem
564 690 638 735 non
649 689 845 737 concessam
861 667 1007 757 legibus.
1030 664 1107 752 Fu·
1155 675 1235 732 rant
1257 686 1380 732 omnes
1403 665 1491 734 boni
1512 665 1582 733 viri
1606 660 1674 735 boc
1694 681 1852 760 tempore
1869 669 1980 739 nimis
1995 671 2140 742 laxatam

119 790 180 836 ror
196 780 258 852 est,
283 791 357 835 non
373 767 559 852 fortitudo,
584 768 805 859 disciplinam
821 783 855 840 et
873 769 1012 858 publica
1029 766 1106 836 iura
1156 787 1228 833 esse
1244 764 1478 854 disciplinam.
1527 766 1597 837 Sed
1614 791 1694 836 cnm
1708 770 1872 863 querelae
1893 794 1969 841 uon
1992 773 2139 842 multum

118 884 353 940 contemnere.
413 866 478 939 Est
512 869 606 937 enim
632 883 854 960 contemptus
882 869 958 942 Dei.
1015 867 1106 940 Cum
1155 867 1359 957 proficiant,
1386 868 1474 959 illud
1496 881 1547 937 est
1568 869 1745 962 reliquum
1763 872 1887 958 nobis,
1911 887 1953 942 ut
1969 874 2069 945 bona
2090 875 2138 943 in·

117 966 183 1041 bas
203 995 323 1042 causas
348 971 586 1055 obedientiae,
611 995 691 1040 cum
715 970 937 1041 autoritatem
958 970 1105 1060 Legum,
1156 968 1275 1056 genia,
1306 981 1478 1060 quantum
1499 991 1700 1064 possumus,
1733 974 1863 1044 nostris
1887 969 2139 1047 cohortationi-

120 1098 200 1142 cum
224 1073 291 1144 Dei
311 1073 543 1164 praesentiam
571 1071 610 1139 in
634 1070 796 1164 lmperiis
827 1072 1107 1157 considerabitis,
1157 1069 1223 1138 bus
1244 1069 1372 1137 iterum
1398 1070 1437 1138 iu
1458 1074 1552 1138 viam
1574 1095 1796 1161 revocemus,
1822 1088 1856 1145 ct
1876 1067 2140 1165 invitemus,ol

118 1175 342 1266 intelligetis,
374 1198 480 1268 quam
502 1198 577 1243 non
600 1175 718 1244 deceat
734 1196 800 1243 nos
820 1174 882 1244 illa
898 1171 1106 1268 Cyclopieae
1156 1171 1332 1240 moderari
1348 1170 1499 1263 impetus
1514 1172 1636 1257 animi,
1660 1191 1696 1247 et
1710 1170 2016 1249 haeccomnmuia
2032 1170 2138 1252 officie

118 1276 292 1348 libertatis
323 1277 517 1368 cupiditas,
549 1300 589 1345 ac
614 1276 789 1360 statuetis,
821 1277 984 1367 pietatem
1019 1299 1105 1355 esse,
1156 1271 1271 1340 civilis
1292 1273 1557 1342 consuetudinis
1580 1275 1695 1345 colere
1710 1278 1858 1348 discant.
1908 1275 2138 1375 thuantnm

119 1375 313 1451 honorifice
329 1391 363 1447 et
380 1391 581 1447 reverenter
597 1378 726 1447 sentire
742 1380 786 1447 de
800 1378 954 1468 legibus,
978 1401 1105 1470 easque
1156 1373 1437 1443 animadvertere
1468 1399 1632 1477 possum,
1674 1376 1713 1446 in
1743 1381 1985 1452 mediocribus
2010 1383 2140 1454 naturis

119 1506 254 1564 amare,
277 1494 445 1572 tanquam
462 1481 608 1549 coeleste
622 1481 777 1558 donum,
801 1479 838 1548 in
853 1504 927 1574 qno
937 1477 1107 1550 Deuslu-
1156 1469 1223 1544 bae
1252 1468 1513 1546 cohortationes
1543 1473 1712 1549 hactenns
1742 1481 1879 1575 aliquid
1907 1484 2140 1576 profecerunt.

43 1570 48 1583 ’
120 1608 197 1655 cers
226 1607 323 1652 suam
350 1582 557 1672 sapientiam
588 1580 718 1666 voluit,
750 1581 868 1676 eisque
896 1581 1051 1652 libenter
1071 1595 1105 1651 et
1157 1575 1277 1665 Quare
1302 1600 1398 1646 nunc
1421 1577 1526 1655 etiam
1544 1577 1617 1675 'vos'
1627 1575 1815 1663 adhortor,
1841 1597 1881 1655 ut
1903 1586 1948 1655 ad
1963 1578 2140 1679 obtempe-

118 1708 247 1775 magun
263 1683 382 1752 studio
401 1706 536 1773 parere.
586 1683 705 1778 Atque
728 1678 812 1752 baec
833 1684 968 1774 ipsade
986 1682 1106 1772 digni·
1156 1681 1327 1764 randum,
1370 1693 1420 1761 ct¹
1442 1680 1486 1748 ad
1528 1681 1752 1779 disciplinam
1791 1708 1854 1753 vos
1894 1684 2140 1762 assuefaciens

119 1800 189 1858 tate
212 1765 350 1873 legum,
374 1785 418 1853 de
431 1782 667 1875 lmperiorum
686 1785 970 1855 ordinationibus
986 1784 1105 1879 quoti·
1156 1775 1364 1850 Aristoteles
1378 1781 1442 1850 ait:
1466 1780 1640 1851 sum'mam
1657 1808 1729 1852 esse
1746 1786 1994 1883 tyrannidem,
2018 1788 2140 1859 immn-

118 1890 176 1958 die
191 1887 320 1957 auditis
336 1885 375 1953 in
391 1880 541 1961 Scholia.
591 1884 712 1974 Quare
730 1909 805 1956 non
822 1885 1017 1957 existimavi
1035 1885 1106 1954 mi·
1156 1881 1312 1962 deratam
1327 1882 1426 1970 vulgi
1448 1882 1637 1954 licentiam.
1690 1881 1737 1955 Et
1760 1889 1916 1978 proiecto
1938 1890 2032 1981 quid
2050 1889 2139 1960 aliud

119 1986 159 2060 hi
185 1990 254 2057 iam
287 1988 449 2076 longiore
481 1987 642 2058 oratione
669 2012 759 2080 opus
790 2010 877 2060 esse.
933 1986 985 2060 Ut
1008 1989 1105 2057 enim
1155 1997 1239 2052 sunt
1253 2007 1359 2076 quam
1375 1984 1538 2079 tyranni,
1562 1985 1641 2065 isti,
1667 1987 1729 2080 qui
1745 1989 1863 2059 nullos
1876 1991 2139 2080 gubernatores,

117 2093 179 2161 ille
198 2083 455 2183 pulcherrimae
469 2090 562 2158 vices
582 2103 805 2180 temporum,
824 2103 858 2158 et
872 2112 995 2159 curssrs
1012 2089 1104 2157 side·
1156 2085 1277 2180 nullast
1288 2084 1381 2173 leges
1393 2085 1478 2176 pati,
1500 2087 1601 2157 nullo
1617 2087 1694 2156 iure
1709 2091 1822 2160 teneri
1837 2091 1977 2174 volunt,
1995 2092 2139 2188 quisuis

119 2216 217 2276 rum,
243 2204 359 2272 ortus,
391 2215 553 2275 occasus,
576 2214 782 2280 congressus
803 2191 998 2261 errantium
1020 2191 1104 2261 stcl·
1155 2186 1407 2278 cupiditatibus
1419 2188 1538 2256 omnia
1554 2194 1698 2259 concedi
1714 2191 1904 2281 postulant.
1946 2189 2013 2266 Est
2028 2209 2138 2265 atatem

118 2296 235 2364 larum
259 2304 293 2361 et
312 2292 503 2376 discessus,
533 2293 765 2361 maximarum
785 2292 980 2362 utilitatum
1002 2315 1104 2361 causa
1156 2285 1397 2359 inimicissima
1422 2290 1541 2378 generi
1561 2284 1718 2360 humano
1739 2295 1912 2386 tyrannis.
1965 2295 2092 2386 Quare
2110 2308 2138 2367 et

120 2394 293 2465 divinitus
318 2394 499 2461 ordinatae
524 2408 622 2463 sunt:
661 2393 708 2463 ita
735 2394 856 2464 scitote
882 2409 916 2465 et
941 2394 1104 2485 politicos
1155 2389 1332 2459 licentiam
1357 2391 1454 2458 illam
1479 2392 1672 2461 existimate
1695 2393 1874 2464 inimicam
1895 2420 1970 2466 esse
1984 2397 2138 2468 societati

118 2519 235 2564 mores
258 2517 463 2584 magnarum
484 2494 677 2564 utilitatum
698 2518 799 2565 causa
819 2494 992 2564 divinitus
1006 2495 1104 2565 ordi·
1154 2486 1355 2563 humanae..
1394 2490 1509 2585 Cyrus
1533 2495 1627 2582 apud
1645 2491 1918 2586 Xenophontem
1939 2513 2084 2583 narrat,
2107 2524 2139 2569 ss

119 2611 222 2667 natos
236 2620 319 2679 esse,
340 2594 504 2666 videlicet
518 2597 613 2688 quod
628 2610 722 2665 certo
738 2597 815 2665 iure
829 2596 1007 2666 connubia
1020 2597 1105 2665 iun·
1155 2616 1302 2683 puerum
1320 2595 1436 2684 plagas
1455 2595 1644 2683 accepisse,
1670 2611 1855 2689 propterea
1871 2603 1969 2692 quod
1986 2625 2070 2672 crem
2088 2600 2139 2671 iu·

119 2709 264 2789 guntur,
282 2697 377 2789 quod
394 2699 562 2767 educatur
574 2713 609 2766 et
624 2697 823 2789 instituitur
836 2699 985 2778 soboles,
1008 2701 1103 2792 quod
1154 2697 1220 2763 «lex
1237 2714 1324 2764 esset
1337 2697 1450 2785 gregis
1471 2720 1682 2786 puerorum,
1706 2724 1802 2768 more
1818 2698 1973 2787 Persico,
2001 2717 2137 2774 seuten-

120 2799 289 2868 coluntur
314 2798 521 2884 religiones,
547 2800 642 2890 quod
666 2799 796 2869 iudicia
816 2813 1038 2880 exercentur,
1065 2813 1104 2869 ut
1154 2795 1237 2865 tiam
1254 2797 1390 2867 tulisset
1407 2798 1578 2890 iniquam.
1619 2799 1708 2870 Cum
1727 2800 1820 2869 euim
1834 2804 1906 2871 duo
1922 2819 2043 2874 esseut
2058 2828 2137 2897 puc-

119 2900 334 2990 argumeutis
365 2911 399 2968 et
426 2896 585 2969 oratione
606 2898 835 2991 disceptetur,
869 2902 1104 2994 possessiones
1154 2897 1204 2980 ri,
1226 2923 1376 2991 qnorum
1394 2900 1482 2987 alter
1494 2901 1764 2988 grandiusculos
1781 2917 1816 2972 et
1831 2907 2033 2993 procerior,
2059 2910 2138 2974 bre·

119 3003 384 3084 discernantur,
424 2996 679 3092 prohibeantur
698 3001 868 3088 iniuriae,
902 3016 943 3073 ut
971 3027 1105 3094 poenae
1154 3025 1230 3067 vern
1248 2995 1399 3070 babebat
1416 3001 1594 3086 tunicam,
1620 3003 1709 3071 alter
1723 3005 1858 3073 viribus
1873 3020 1907 3076 et
1923 3021 2057 3078 statura
2071 3007 2139 3103 mi·

119 3104 379 3174 constituantur
403 3102 442 3170 iu
466 3102 664 3193 improbos,
691 3104 788 3195 quod
812 3104 850 3173 in
866 3099 996 3174 scholis
1012 3119 1104 3174 artes
1152 3124 1230 3186 uor,
1248 3102 1308 3194 qni
1322 3097 1472 3171 habebat
1484 3102 1679 3193 longiorem
1691 3105 1859 3192 tunicam,
1872 3109 1991 3178 maior
2002 3109 2138 3200 longio-

118 3206 224 3276 utiles
240 3205 332 3274 vitae
347 3217 595 3293 propagantur.
643 3201 694 3272 Ac
709 3204 818 3275 veluti
839 3206 928 3274 mira
944 3201 1104 3297 pulchri·
1153 3227 1226 3271 rem
1238 3203 1392 3272 tuuicam
1403 3204 1516 3273 sodali
1526 3206 1656 3274 minori
1673 3206 1787 3298 eripit.
1812 3209 1849 3278 Is
1859 3233 1942 3278 cum
1952 3224 2047 3282 esset
2058 3211 2137 3281 alie

119 3309 206 3379 tudo
224 3318 274 3375 est
290 3306 329 3374 in
345 3306 409 3373 illo
425 3307 551 3374 ordine
574 3318 732 3375 motuum
754 3307 976 3393 coelestium,
1000 3309 1047 3377 ita
1064 3308 1102 3375 in
1150 3318 1228 3374 ctus
1241 3304 1383 3386 iniuria,
1404 3306 1517 3375 defert
1531 3330 1605 3376 rem
1620 3308 1665 3376 ad
1676 3305 1809 3402 Cyrum
1825 3309 1993 3386 iudicem.
2028 3309 2136 3408 Cyrus

118 3404 187 3477 hoc
200 3407 327 3478 ordine
345 3405 506 3494 politico,
531 3406 561 3475 si
579 3419 671 3476 reete
688 3407 974 3493 considerabitis,
1001 3409 1103 3477 miri-
1151 3405 1290 3495 cognita
1303 3431 1417 3485 causa,
1443 3409 1656 3499 pronunciat
1670 3434 1820 3503 aequum
1834 3434 1921 3497 esse,
1944 3429 1987 3487 nt
2003 3413 2136 3506 longio-

118 3511 218 3580 bcam
249 3503 550 3600 pulchritudinem
580 3531 654 3599 esse
682 3509 981 3583 animadvertetis.
1031 3507 1103 3581 Nec
1151 3532 1225 3577 rem
1240 3508 1396 3578 tunicam
1413 3503 1540 3579 habeat
1552 3512 1742 3601 procerior.
1773 3510 1900 3584 Postea
1913 3539 1998 3584 cum
2011 3539 2135 3607 provo·

118 3634 201 3683 vero
226 3611 299 3679 ulla
327 3606 512 3678 harmonia
541 3623 591 3679 est
621 3611 764 3680 suavior
790 3634 830 3681 ac
854 3612 947 3681 vitae
968 3611 1102 3686 utilior.
1150 3611 1340 3680 caretur-sd
1355 3605 1486 3695 senem,
1497 3612 1865 3704 quipraeeratpueris,
1878 3615 2136 3712 damnataCyri
2176 3654 2180 3663 ·

119 3710 240 3800 Quare
256 3705 351 3779 huuc
364 3710 538 3791 ordinem,
565 3726 598 3780 et
616 3707 707 3780 banc
720 3707 942 3782 harmoniam
958 3729 1102 3784 coutur-
1150 3712 1339 3793 sententia,
1366 3735 1468 3781 suum
1493 3714 1620 3806 cuique
1641 3715 1818 3801 redditur,
1839 3731 1873 3787 et
1885 3740 1995 3787 senex
2008 3715 2135 3815 Cyrum

117 3815 219 3896 bare,
252 3811 452 3881 immanitas
477 3815 649 3906 quaedam
676 3825 728 3882 est
759 3815 1003 3904 indignissima
1036 3811 1102 3885 bo-
1150 3813 1257 3899 virgis
1273 3815 1369 3883 caedi
1387 3814 1497 3886 iubet.
1533 3812 1695 3908 Cumque
1708 3814 1821 3911 Cyrus
1837 3817 2049 3910 disputaret,
2073 3821 2134 3891 sibi

116 3915 222 3984 mine.
273 3911 370 3985 llaec
392 3938 433 3984 eo
457 3937 536 3984 sum
558 3915 752 4006 praefatus,
785 3912 922 3987 tautum
943 3929 984 3987 ut
1004 3941 1102 3986 com·
1150 3939 1298 4008 aequum
1315 3939 1388 3984 esse
1405 3916 1539 4000 visum,
1564 3930 1603 3986 ut
1617 3917 1758 4007 longior
1774 3913 1920 3992 baberet
1940 3920 2133 4014 longiorem

116 4017 370 4087 monefacerem
387 4040 467 4102 vos,
492 4030 532 4087 ut
548 4016 846 4109 quemadmodum
862 4021 959 4088 decet
985 4014 1102 4087 homi-
1150 4031 1298 4105 vestem,
1324 4018 1505 4107 respondit
1532 4041 1668 4087 scnexr
1697 4018 1788 4091 lusta
1812 4044 1906 4108 esse,
1940 4046 2024 4093 nnn
2048 4047 2132 4119 quae

35 4158 39 4166 ·
117 4143 180 4195 nes
211 4120 383 4202 literatos,
417 4113 525 4188 tuum
552 4119 659 4188 officii
688 4142 847 4200 causam,
878 4145 987 4214 qnare
1009 4120 1102 4210 leges
1149 4119 1254 4187 nobis
1278 4118 1482 4189 viderentur
1504 4144 1631 4213 aequa,
1654 4126 1713 4190 sed
1733 4147 1823 4215 quae
1845 4124 1987 4213 legibus
2009 4125 2135 4198 consti·

117 4224 288 4292 amandae
313 4235 346 4291 et
361 4220 527 4290 colendae
541 4221 630 4304 sint,
657 4221 844 4309 diligenter
862 4222 1116 4293 consideretis·
1149 4233 1224 4289 tuta
1244 4236 1339 4295 suot.
1390 4218 1467 4290 Hac
1490 4222 1693 4292 narratione
1716 4225 1908 4313 siguificat,
1931 4249 2002 4296 nos
2023 4228 2133 4319 legum

115 4319 255 4393 Deinde
274 4318 341 4392 boc
357 4322 496 4407 scitote,
522 4323 669 4413 primam
687 4345 759 4390 esse
773 4324 957 4419 virtutem,
982 4348 1101 4393 assue-
1148 4322 1315 4405 arbitrio,
1344 4346 1420 4392 nou
1439 4338 1578 4408 nostro,
1610 4323 1729 4393 vivere
1753 4327 1894 4401 debere.
1953 4325 2076 4422 Atque
2097 4351 2134 4399 es

114 4424 191 4496 fieri
207 4426 250 4492 ad
269 4418 491 4513 disciplinam
507 4438 539 4494 et
555 4425 597 4491 ad
612 4424 859 4497 obedientiam.
904 4422 1101 4495 Haeccon-
1149 4426 1290 4493 demum
1320 4419 1465 4495 honesta
1497 4438 1533 4495 et
1559 4425 1734 4514 praeclara
1760 4452 1852 4511 esse,
1881 4453 1976 4522 quae
2004 4430 2134 4521 legibus

115 4528 265 4595 suetudo
288 4550 362 4594 non
384 4549 426 4593 eo
450 4540 586 4596 tantum
607 4529 765 4616 prodest,
790 4529 872 4620 quia
895 4529 1098 4597 confirmata
1149 4526 1363 4616 probantur,
1396 4551 1471 4595 non
1502 4550 1591 4620 quae
1620 4527 1768 4617 privatis
1791 4531 1847 4598 vel
1878 4530 2134 4622 cupiditatibus

90 4624 245 4695 'ferocia
270 4640 399 4709 aetate,
434 4641 563 4716 postea
583 4627 700 4694 nullas
729 4620 862 4716 patitur
886 4631 995 4718 leges:
1028 4629 1097 4700 Sed
1148 4628 1202 4697 vel
1217 4629 1358 4697 iudiciis
1370 4642 1551 4718 geruntur.
1585 4629 1668 4699 ldeo
1684 4629 1723 4698 in
1736 4631 1834 4699 omni
1849 4630 1917 4700 vita
1933 4634 2041 4703 vobis
2055 4640 2168 4727 pro-s

72 4780 77 4788 .
116 4726 197 4798 ideo
220 4730 324 4796 etiam
348 4731 538 4799 necessaria
561 4742 634 4809 est,
659 4729 880 4821 quianullus
903 4733 939 4799 in
959 4727 1013 4801 bis
1031 4726 1098 4799 bo·
1147 4730 1268 4820 ponite
1306 4731 1415 4820 leges,
1454 4743 1622 4824 tanquam
1659 4735 1765 4801 duces
1801 4745 1836 4802 et
1868 4733 2133 4821 gubernatriees

115 4843 295 4899 nostorum
318 4831 514 4901 officiorum
544 4831 742 4900 intellectus
772 4856 846 4901 esse
873 4847 1002 4925 potest,
1035 4833 1097 4926 qui
1145 4833 1304 4900 omnium
1323 4832 1552 4903 consiliorum
1567 4847 1672 4925 atque
1687 4833 1885 4918 actionum,
1908 4859 2024 4930 eaque
2041 4839 2133 4909 iure

42 4936 45 4941 ’
115 4941 190 5001 n'on
213 4946 296 5000 sunt
319 4933 510 5004 assuefacti.
568 4930 738 5001 Doctrina
764 4958 887 5024 perse
915 4939 1097 5005 nonsatis
1144 4957 1207 5002 vos
1220 4931 1298 5002 Deo
1313 4948 1452 5022 gratum
1466 4934 1579 5002 facere
1594 4935 1726 5005 scitote.
1775 4931 1878 5006 Hauc
1893 4934 2133 5011 obedientiam

113 5033 208 5102 valet
225 5033 268 5101 ad
290 5033 494 5103 formandos
515 5035 671 5116 animos,
697 5037 757 5103 sed
779 5060 916 5105 necesse
932 5050 984 5105 est
999 5061 1096 5104 acce·
1144 5032 1243 5104 Deus
1264 5037 1385 5104 multis
1414 5034 1550 5124 magnis
1576 5037 1741 5126 praemiis
1763 5038 1918 5108 ornabit.
1978 5036 2132 5112 Econua

114 5136 198 5202 dere
209 5134 432 5224 disciplinam
448 5137 489 5204 ad
517 5130 608 5203 hauc
624 5136 931 5222 assuefactionem,
955 5139 1045 5207 sicut
1063 5151 1096 5208 et
1143 5138 1308 5206 dubitare
1323 5162 1397 5207 nou
1411 5138 1564 5220 debetis,
1591 5139 1678 5229 quin
1694 5138 2133 5232 contumaciamgravibos

111 5236 319 5306 Aristoteles
339 5234 471 5329 inquit:
504 5235 556 5307 Ut·
574 5250 665 5305 terra
683 5260 755 5305 noo
769 5239 863 5309 fovet
884 5254 1024 5332 accepta
1041 5263 1094 5307 se-
1143 5240 1266 5329 poeuis
1289 5240 1480 5329 puniturus
1502 5239 1558 5312 sit.
1611 5240 1670 5310 Sic
1691 5241 1785 5308 euim
1808 5242 2133 5336 inqsritscripturss

111 5338 233 5428 mina,
254 5337 324 5407 nisi
343 5338 389 5408 sit
407 5338 550 5409 subacta
568 5354 601 5410 et
623 5338 760 5408 mollita
783 5341 954 5412 aratione:
981 5342 1029 5412 ita
1048 5342 1092 5410 ad
1142 5338 1332 5411 Calamitas
1354 5354 1390 5411 et
1409 5342 1569 5411 contusio
1586 5341 1717 5412 accidet
1740 5337 1811 5426 bis,
1834 5343 1897 5436 qui
1914 5345 2050 5418 nolunt
2064 5346 2130 5440 pati
