4546 5760
111 198 163 271 st
297 134 1677 268 nrrsronanuu,1un1·ctonus1urscatrrot'tttu
1729 162 1836 241 cra.
1867 161 1969 238 nv.
2097 160 2150 237 oe

110 360 328 444 Cuiusdam
355 353 567 433 excellentis
590 360 622 423 et
642 347 742 423 docti
770 343 911 421 iuvenis
939 338 1108 443 epistola,
1169 335 1364 413 Νο.-7058.
1416 368 1447 407 .·
1995 370 2046 389 .-
2069 378 2122 395 ..-

274 554 277 559 ¹
347 459 403 535 ad
414 484 522 534 suum
535 454 711 529 Tutorem
724 451 875 546 scripta.
1159 438 1387 470 *ἢν
1779 452 1782 457 -
1968 428 2140 463 w·-

115 618 213 704 Non
236 620 308 691 dici
330 628 462 711 potest,
496 607 700 681 charissime
723 605 860 688 Tutor,
886 624 991 696 quam
1017 592 1107 666 mihi
1340 692 1344 697 Ι
1390 688 1393 695 .
1583 537 1639 626 Ν·
1671 540 1726 627 Ν·

118 729 298 803 iucundae
316 715 450 790 fuerint
475 715 597 782 literae
620 723 717 780 tuae:
752 729 841 800 quae
863 727 937 774 uon
970 713 1106 773 tantum
1260 699 1362 757 Manlii
1376 698 1474 773 [επις.
1489 718 1517 772 p.
1533 698 1638 773 etseq.

118 833 228 905 officii
246 852 285 899 ac
301 820 411 893 studii
426 839 505 906 erga
518 838 575 881 me
593 812 644 882 tui
662 807 886 901 plenissimae
901 818 1021 887 erant,
1046 824 1109 868 ve-

117 958 201 1006 rum
217 932 323 1003 etiam
342 924 530 993 salutarem
545 917 588 984 ad
606 911 745 1003 pietatis
763 909 919 979 studium
940 920 975 975 et
995 898 1109 973 hone-

119 1053 256 1109 starum
272 1051 392 1101 sertim
416 1016 697 1103 cohortationem
720 1012 937 1081 adferebant.
988 1004 1109 1093 Quare
1159 992 1506 1083 charissimePater.
1534 1007 1751 1103 Postquam
1769 1002 1840 1081 huc
1856 980 2066 1083 nunciatum
2085 1022 2166 1091 est,-

108 1152 262 1213 .tantum
281 1128 438 1222 protecto
454 1115 545 1189 mihi
560 1114 730 1186 addidisti
747 1113 881 1193 calcar,
911 1123 1007 1178 ¹¹10!
1032 1104 1109 1175 ³¹15·
1160 1123 1313 1205 quatuor
1336 1122 1371 1179 et
1388 1108 1517 1199 viginti
1532 1104 1661 1182 horrea
1684 1110 1851 1183 incendio
1866 1112 2031 1206 periisse,
2058 1136 2149 1206 quo-
2241 1113 2244 1118 ’

119 1268 182 1313 mo
194 1236 335 1329 cupiam
352 1249 466 1297 meam
490 1220 558 1292 tibi
570 1219 722 1310 probare
737 1211 975 1302 diligentiam:
1003 1230 1042 1277 ac
1059 1207 1110 1275 el·
1159 1237 1241 1283 rum
1264 1212 1433 1305 pleraque
1457 1207 1574 1281 adhuc
1596 1213 1767 1284 frumenti
1789 1213 1893 1304 plena
1913 1216 2075 1285 fuerunt:
2112 1226 2148 1283 et

119 1347 247 1424 licere,
268 1345 308 1406 ul
324 1346 404 1401 tuae
418 1320 596 1394 volunlafi
617 1342 694 1388 mea
716 1316 831 1385 ⁰fficia
857 1311 1033 1382 cumulate
1053 1332 1110 1377 re·
1161 1313 1199 1385 in
1213 1308 1269 1384 his
1287 1328 1388 1383 tuum
1405 1308 1574 1385 horreum
1591 1338 1662 1384 una
1678 1315 1921 1403 conflagrasse,
1940 1317 2044 1386 valde
2060 1339 2148 1386 con·

121 1444 333 1539 spondeant.
390 1424 468 1499 Etsi
497 1422 642 1517 quidem
676 1414 903 1488 benemeritis
924 1413 1035 1503 gratia
1059 1423 1111 1478 est
1161 1428 1336 1491 sternatus
1352 1437 1446 1484 suro:
1470 1431 1505 1488 et
1519 1414 1658 1508 incoepi
1674 1415 1731 1513 (ut
1743 1417 1782 1486 lit
1794 1417 1832 1486 in
1848 1416 1989 1515 dolore)
2003 1440 2147 1508 gemens

121 1542 416 1622 reserenda,.ncc
434 1544 496 1602 tuo
517 1523 649 1615 gratius
671 1519 787 1589 officio
812 1536 997 1608 nunquam
1019 1507 1111 1579 milti
1162 1530 1196 1587 et
1218 1511 1464 1611 lachrymam,
1497 1518 1617 1587 animo
1645 1532 1801 1609 repetere
1820 1515 2032 1601 detrimenta
2057 1542 2149 1613 quae

120 1645 251 1723 accidit
268 1638 473 1736 quicquam:
501 1650 564 1717 ego
585 1643 746 1716 quoque,
772 1635 946 1735 quantum
967 1636 1109 1731 possum
1161 1633 1265 1689 antea
1298 1618 1479 1708 accepisti,
1522 1632 1558 1689 et
1589 1620 1749 1711 publicas
1778 1619 2003 1692 difficultates
2039 1616 2148 1692 huius

121 1745 272 1845 propio
296 1740 336 1810 in
361 1757 419 1805 me
440 1730 578 1807 studio,
612 1736 686 1794 tolo
716 1732 859 1813 pectore
880 1719 949 1789 llbl
982 1728 1111 1805 gratias
1162 1721 1352 1811 temporis,
1384 1744 1425 1789 ac
1448 1732 1588 1790 nostrae
1610 1722 1762 1794 civitatis
1787 1722 1961 1814 inopiam:
1995 1745 2148 1817 quantun

119 1875 209 1945 ago,
234 1842 334 1940 quod
349 1847 446 1909 tanta
460 1855 517 1900 me
529 1824 777 1900 benevolentia
792 1819 1051 1912 complecteris,
1077 1829 1112 1884 el
1163 1847 1282 1893 rerum
1303 1821 1465 1893 omnium
1490 1821 1655 1909 cogitatio
1678 1819 1767 1892 mihi
1796 1824 2014 1895 moesticiam
2044 1826 2149 1894 valde

90 1950 252 2048 ,optimi
278 1937 433 2037 parentis
455 1934 566 2003 vicem
597 1942 671 1999 tam
691 1924 881 2013 diligenter
901 1935 936 1992 et
956 1918 1112 1989 studiose
1162 1923 1272 1998 auxit.
1322 1922 1475 1995 Movent
1498 1937 1531 1994 et
1548 1925 1698 2015 privatis
1718 1938 1752 1996 et
1775 1926 1928 2016 publicis
1950 1926 2148 2005 incommo-

123 2057 212 2148 aqis.
261 2046 375 2118 Porro
395 2038 501 2110 etiam
527 2046 562 2103 te
578 2024 806 2100 vehementer
827 2047 934 2114 rogo,
962 2044 1008 2090 ne
1023 2018 1108 2113 quid
1164 2027 1237 2096 dis:
1262 2028 1322 2096 sed
1349 2026 1462 2095 multo
1483 2026 1595 2114 magis
1614 2027 1659 2096 de
1680 2039 1715 2096 te
1736 2039 1772 2097 et
1791 2041 1905 2098 matre
1920 2040 1999 2099 sunt
2014 2027 2149 2098 sollici-

123 2147 402 2253 praetermittas,
424 2136 521 2253 quod
539 2134 581 2205 ad
603 2154 660 2200 me
685 2128 860 2220 pertinere
880 2121 1112 2195 existimabis:
1163 2143 1238 2213 tus,
1275 2151 1316 2197 ac
1345 2150 1472 2196 vereor
1496 2120 1590 2197 hanc
1614 2127 1833 2198 moesticiam
1855 2130 1957 2199 vobis
1981 2129 2148 2201 morbum

123 2236 577 2334 commonefaciendum,
597 2230 805 2303 ulrellssffl
830 2227 868 2294 5¹1
889 2224 1006 2294 ⁰ffi⁰i⁰
1030 2246 1111 2292 eum
1164 2230 1319 2322 aliquem
1340 2227 1527 2297 allaturam
1551 2251 1637 2302 esse.
1695 2225 1776 2300 Etsi
1797 2244 1914 2300 autem
1939 2232 2011 2301 scio
2033 2246 2066 2302 te
2093 2233 2149 2300 vi·

123 2362 189 2459 qui
202 2372 284 2431 tuae
298 2346 383 2420 fidei
397 2356 448 2413 est
464 2334 740 2411 commendatus.
792 2326 833 2398 Id
856 2350 919 2415 ego
936 2340 976 2397 ut
992 2319 1111 2394 bacte—
1164 2353 1245 2399 rum
1260 2329 1452 2419 praestanti
1466 2328 1598 2400 virtute
1613 2343 1648 2400 et
1662 2332 1797 2401 robore
1807 2332 1917 2401 animi
1936 2334 2149 2425 praeditum,

124 2486 196 2535 nus
212 2477 304 2529 ame
318 2453 449 2521 iactum
466 2464 538 2512 esse
554 2452 696 2517 censeo,
714 2427 844 2501 summi
858 2424 1017 2497 beneficii
1034 2426 1111 2494 loco
1162 2453 1220 2500 res
1238 2432 1402 2500 adversas
1416 2432 1597 2500 moderate
1614 2432 1724 2500 serre:
1742 2444 1861 2502 tamm
1876 2435 1919 2504 ad
1940 2447 1973 2504 te
1989 2436 2150 2506 scriben-
2246 2456 2256 2473 ‘

122 2568 272 2637 ducam:
297 2568 332 2625 et
354 2543 425 2621 tuis
446 2538 594 2615 monitis
615 2536 742 2605 lubens
762 2530 1035 2621 obtemperabo,
1067 2548 1113 2593 ne
1164 2535 1250 2603 dum
1272 2555 1346 2603 csse
1369 2530 1476 2615 duxi,
1510 2556 1581 2625 quo
1605 2546 1638 2601 te
1661 2527 1840 2620 hortarer,
1864 2550 1906 2606 ut
1923 2536 1979 2604 vel
2002 2550 2149 2628 propter

125 2664 225 2762 quod
249 2652 378 2752 pupilli
400 2646 556 2719 officium
579 2636 779 2709 desiderare
793 2637 921 2726 {queas-
972 2626 1021 2699 Et
1040 2627 1113 2696 ull·
1164 2647 1313 2703 matrem
1330 2648 1431 2704 tuum
1449 2635 1610 2703 dolorem
1626 2635 1753 2705 lortius
1776 2637 1967 2728 reprimas,
1994 2651 2028 2708 et
2049 2640 2148 2707 illam

125 2792 210 2839 nam
236 2780 358 2832 omnes
381 2750 430 2820 sic
455 2754 664 2849 statuereqt,
688 2730 782 2805 nihil
807 2755 881 2804 esse
902 2730 1012 2821 magis
1027 2751 1113 2799 con·
1165 2736 1276 2825 erigas
1293 2737 1365 2804 illis
1383 2736 1685 2806 consolationibus
1707 2761 1797 2830 quae
1819 2739 1925 2809 nobis
1947 2741 1986 2808 in
2008 2740 2148 2810 coelesti

126 2866 279 2939 veniens
294 2868 416 2927 nostro
429 2846 570 2931 ordini,
594 2866 634 2911 ac
655 2831 857 2931 pulchrius,
883 2856 989 2927 quam
1011 2853 1113 2900 aures
1163 2838 1324 2907 doctrina
1339 2851 1606 2929 proponuntur,
1627 2860 1716 2930 quas
1729 2840 1864 2930 optime
1877 2841 1990 2913 nosti.'
2034 2840 2150 2913 Casti-

127 2968 298 3066 praebere
315 2955 487 3045 benignas
502 2946 678 3038 sapienter
693 2935 976 3055 consulentibus:
1003 2932 1042 3000 in
1057 2956 1113 2998 me
1164 2953 1223 3028 gat
1235 2960 1303 3007 nos
1316 2938 1431 3018 Deus,
1456 2960 1532 3008 non
1546 2954 1586 3009 ut
1605 2940 1768 3011 funditus
1784 2964 1851 3011 nos
1867 2943 2062 3034 opprimat:
2087 2944 2148 3012 sed

127 3086 224 3145 certe
249 3088 326 3135 eam
361 3051 570 3130 sententiam
597 3059 657 3115 tna
691 3039 894 3131 gravissrma
928 3047 1112 3127 praecepta
1163 3053 1204 3110 ut
1221 3043 1266 3109 ad
1285 3041 1545 3111 invocationem
1566 3064 1634 3109 nos
1652 3044 1838 3128 exuscitet,
1863 3066 1970 3136 qnam
1993 3045 2022 3114 si
2046 3068 2147 3136 prae·

127 3198 206 3246 non
226 3160 452 3238 mediocriter
467 3151 699 3224 confirmant:
724 3140 913 3234 quoniam,
940 3149 1111 3230 quantum
1165 3143 1356 3222 stabimus,
1380 3140 1478 3213 Deus
1504 3136 1590 3211 haec
1608 3145 1737 3211 damna
1758 3146 1863 3214 nobis
1884 3146 2024 3215 sarriet:
2051 3160 2090 3216 ut
2115 3160 2151 3217 et

126 3258 547 3347 reieratatenerisrecte
564 3244 765 3339 adsuefacti,
790 3239 962 3328 intelligo·
1003 3234 1113 3324 Perge
1166 3244 1254 3313 lobo
1288 3257 1323 3314 et
1356 3243 1479 3313 multis
1504 3242 1581 3311 aliis
1607 3244 1752 3313 amissas
1778 3246 1960 3316 facultates
1985 3249 2151 3321 restitnit.

127 3377 238 3448 modo
256 3368 305 3438 mi
317 3362 452 3442 Tutor,
476 3370 518 3426 ut
533 3354 563 3423 si
580 3373 647 3443 qua
664 3344 745 3440 (ceu
763 3341 877 3411 millia
891 3335 1029 3409 homini
1053 3360 1107 3406 at·
1164 3343 1262 3415 Haec
1278 3359 1313 3416 et
1327 3368 1428 3436 saepe
1450 3343 1617 3434 cogitato,
1644 3358 1677 3414 et
1693 3348 1797 3416 matri
1815 3348 1982 3434 recitato,
2001 3372 2149 3442 eamque

119 3469 273 3561 ¹ddunt)
289 3460 549 3558 displicebunt,
574 3444 822 3540 reprehendas·
874 3440 958 3511 Non
982 3454 1112 3511 temere
1164 3447 1411 3535 erogitationc
1425 3443 1531 3517 huius
1547 3445 1685 3515 adversi
1705 3469 1806 3517 casus
1821 3462 1880 3519 tua
1897 3446 2068 3521 suavitate
2086 3453 2150 3520 ab·

125 3582 265 3653 dictum
281 3582 332 3640 est
346 3591 367 3637 a
382 3562 557 3656 sapiente:
579 3550 772 3623 Meliorem
795 3567 869 3615 esse
891 3540 1112 3659 manifestam
1164 3549 1296 3620 ducito.
1344 3544 1423 3638 Ego
1440 3571 1583 3641 qnoque
1599 3544 1715 3617 Deum
1731 3551 1861 3634 orabo,
1885 3564 1927 3622 nt
1950 3552 2062 3623 leniat
2085 3576 2150 3621 vo-

127 3671 442 3777 reprehensionem
463 3657 596 3732 occulta
614 3649 818 3723 dilectione:
845 3657 880 3716 et
893 3643 1010 3712 fidelsa
1032 3640 1114 3709 vul-
1164 3650 1220 3718 bia
1236 3650 1459 3722 difficultates
1471 3672 1595 3720 omnes
1612 3663 1758 3741 propter
1774 3651 1886 3721 lilium
1902 3677 2021 3723 suum:
2044 3678 2149 3746 quem

125 3806 214 3857 nera
226 3769 418 3865 diligentis,
436 3784 542 3860 qnam
558 3754 676 3827 oscula
693 3749 831 3820 inimici
844 3743 1111 3817 contumeliosa.
1163 3754 1209 3820 ad
1224 3772 1291 3820 nos
1309 3752 1422 3837 misit,
1446 3765 1487 3822 ut
1498 3751 1624 3820 foedus
1639 3776 1719 3821 cum
1734 3748 1889 3823 hnmana
1910 3768 2035 3825 natura
2057 3756 2152 3825 face-

128 3886 234 3979 Quae
257 3869 449 3959 tetllfflllssss
469 3860 630 3934 ⁰m¹¹l¹¹¹¹¹
654 3851 784 3925 asslfflss
805 3847 934 3918 infime
954 3867 1026 3915 ⁰⁸⁸0
1050 3846 1111 3913 de·
1163 3867 1237 3937 ret,
1260 3866 1301 3923 ut
1317 3850 1383 3923 hac
1398 3867 1539 3923 aeterna
1554 3854 1780 3945 copulatione
1799 3867 1988 3927 testaretur
2007 3881 2045 3927 se
2067 3880 2150 3926 vera

126 3992 233 4063 beot:
257 3990 300 4049 ut
315 3968 573 4058 intelligamus,
595 3958 748 4029 multum
773 3973 838 4021 nos
855 3950 983 4019 debere
1006 3945 1110 4030 iis,a
1164 3978 1249 4026 cm
1264 3955 1365 4024 adfici
1383 3955 1520 4045 generis
1535 3949 1696 4029 humani·
1743 3953 1947 4033 flemme·

127 4088 264 4187 quibus
278 4102 352 4148 uon
364 4073 477 4155 vitae,
501 4068 560 4136 sed
577 4073 669 4131 recte
688 4052 841 4125 vivendi.
856 4048 1031 4142 principia
1053 4069 1112 4117 ac-

121 4188 299 4284 cepimus.
346 4172 504 4247 Maxima
530 4165 687 4237 dicamus
707 4154 875 4227 beneficia
895 4175 954 4236 ea,
981 4147 1112 4244 quibus

123 4266 327 4367 ad⁰veram
353 4276 518 4371 pietatem
549 4262 746 4335 erudimur:
781 4281 841 4340 ea,
873 4252 957 4348 quia
990 4252 1112 4320 abste

1404 853 1518 930 Patri
1541 852 1765 931 charissimo
1790 859 1828 937 S.
1848 859 1893 934 D.

1179 4323 1250 4406 No.v
1261 4318 1377 4397 7054.

127 4388 220 4467 mibi
234 4382 359 4460 sedulo
375 4389 458 4449 sunt
473 4367 658 4465 praestita,
683 4360 784 4432 facile
800 4378 972 4447 agnosco,
997 4375 1112 4447 quan-

127 4500 172 4573 tis
197 4490 266 4564 tibi
288 4486 354 4555 siro
375 4479 559 4549 devinctus
583 4464 806 4536 rtousinibus:
832 4473 865 4527 et
889 4479 994 4548 quam
1023 4448 1112 4521 milti

128 4602 173 4672 sit
185 4588 351 4668 difficile,
378 4597 492 4665 tecum
507 4586 640 4643 certare
650 4564 791 4636 officiis.
842 4557 881 4629 ld
905 4581 991 4625 vero
1012 4578 1111 4644 agam
1589 4524 1655 4615 N,
1676 4524 1729 4613 N,

126 4699 225 4800 quod
246 4689 318 4761 mei
335 4672 496 4755 muneris
512 4696 585 4745 esse
603 4691 751 4745 censeo,
776 4688 816 4733 ac
837 4659 1003 4731 omnibus
1027 4680 1113 4725 con·
1266 4685 1364 4743 Manlii
1379 4687 1479 4758 tansg,
1493 4702 1521 4756 p.
1532 4684 1594 4741 5¹4·
1818 4678 1821 4682 r

127 4805 225 4875 nitar
236 4791 394 4868 viribus,
419 4795 460 4853 ut
475 4777 529 4848 tui
544 4770 674 4845 amoris
693 4766 975 4863 qualemcunque
998 4758 1112 4849 perci-

79 4894 85 4907 ’
126 4905 204 4999 pias
220 4887 395 4974 irnctuin,
418 4897 454 4954 et
474 4880 511 4949 in
527 4874 704 4969 pupillum
720 4864 956 4956 gratissimum
972 4872 1112 4930 tantum
1414 4834 1652 4915 Clarissimo
1670 4844 1776 4943 patri
1799 4844 1835 4924 S,
1852 4844 1898 4921 D,

127 5022 164 5079 te
178 4994 373 5076 contulisse
390 4982 588 5058 officiorum
612 4968 800 5059 intelligis,
825 4979 866 5036 ut
886 4958 1113 5033 vehementer
1165 4987 1389 5076 charissime
1414 5010 1532 5087 pater:
1582 4992 1676 5065 Cum
1694 4994 1800 5065 sciam
1827 5009 1863 5067 te
1880 4999 2157 5094 periculam·

126 5108 295 5205 studeas..
340 5090 430 5161 Vale
446 5084 498 5157 mi
514 5080 652 5157 Tutor,
677 5087 709 5144 et
728 5090 894 5141 mesmes
916 5088 1010 5137 cura.
1163 5102 1274 5177 semia
1297 5112 1379 5168 nme
1403 5098 1543 5191 aliquot
1565 5119 1681 5166 annos
1704 5099 1958 5190 praesensisse:
1991 5125 2094 5195 spem
2123 5118 2157 5173 te

1165 5208 1269 5280 etiam
1286 5223 1509 5292 praeparasse
1526 5198 1687 5269 animum
1704 5201 1751 5269 ad
1772 5222 1812 5294 qa
1839 5201 2017 5294 sapienter
2040 5206 2160 5276 seren.

1164 5313 1229 5395 da,
1244 5326 1335 5400 quae
1346 5302 1418 5371 iam
1434 5302 1614 5375 accidunt.
1672 5298 1798 5397 Teque
1811 5327 1897 5389 oro,
1920 5317 1959 5375 nt
1976 5319 2014 5376 te
2029 5308 2076 5378 ab
2090 5310 2160 5379 do-
