4546 5760
705 189 1032 271 csnuttttttr
1079 194 1188 271 LlB.
1217 195 1274 273 11.

371 365 575 434 Milichie.

94 505 158 603 tibi
174 502 319 608 Milichi
333 511 557 602 prognostica
572 512 688 591 douo,
714 535 909 608 precorque

94 608 176 701 liget
189 622 229 681 ut
244 609 350 682 nobis
368 634 491 706 aspera
507 613 578 683 l'ata
594 609 703 687 Deus.

94 848 105 893 ,
130 815 167 866 ut
191 805 294 866 looum
318 803 356 865 ds
380 804 445 867 foto
470 811 504 867 in
530 802 669 888 Physicis
694 825 758 868 non
783 809 854 870 satis
880 827 968 869 oom-

258 906 349 967 mode
373 911 518 991 scripturn
544 911 685 973 remittat.

94 1046 258 1117 dedimus
275 1043 414 1120 chartas
431 1052 475 1120 de
494 1052 567 1122 lato
581 1072 713 1145 quaeso
728 1049 879 1131 remitte,

94 1147 110 1219 n
128 1150 275 1240 scriptas
290 1152 362 1221 fato
378 1154 480 1223 docte
496 1153 619 1222 lacobe
634 1155 742 1224 bono.

94 1274 180 1321 mam
194 1255 390 1322 revocanda
406 1250 493 1323 mihi
511 1268 595 1325 sunt
610 1255 694 1336 ista,
720 1255 781 1324 sed
800 1266 885 1346 opto

94 1353 183 1426 bant
196 1354 296 1445 operi
310 1357 434 1425 mollia
446 1358 516 1428 fata
530 1380 621 1448 meo.

101 1545 141 1609 ad
165 1547 313 1626 eundem,
348 1549 432 1633 quod
463 1549 626 1612 delectetur
652 1548 787 1611 tlootrino
811 1544 965 1631 Phyrioes.

101 1683 193 1758 mibi
208 1684 404 1782 Physicon,
431 1689 528 1761 aliud
546 1691 599 1760 nil
614 1689 766 1761 scribere
779 1712 934 1783 possum,

101 1791 189 1861 'licet
203 1814 359 1860 errorem
375 1793 504 1862 mentis
521 1793 559 1862 id
576 1816 650 1862 esse
666 1806 779 1883 putes.

94 1904 135 1964 ire
151 1892 306 1962 delirum
323 1893 395 1961 dici
411 1895 578 1988 credique
589 1896 756 1976 verebor,

94 1995 225 2066 nocriti
242 1993 368 2063 similis
385 1996 533 2066 forsitan
547 2021 647 2066 error
663 2009 749 2069 erut.
787 2050 806 2063 ..
898 2053 900 2057 .

94 2110 134 2169 ut
151 2095 372 2192 Hypocrates
390 2099 508 2168 curari
521 2093 589 2167 hoc
605 2098 722 2169 noluit
738 2110 831 2178 arte,

94 2196 136 2271 ue
151 2199 247 2269 demi
265 2201 429 2268 morbum
449 2200 498 2270 sic
513 2223 576 2290 ego
592 2202 676 2270 nolo
692 2193 794 2281 mihi,

94 2435 232 2449 ,ου-σ-

94 2598 152 2723 ip,
202 2645 203 2648 κ
767 2601 833 2684 (ω.
851 2580 962 2685 rss'a.)

94 2794 126 2849 nd
140 2793 269 2846 Viuoebt.
281 2812 309 2875 p.
325 2791 383 2850 150.
406 2802 432 2845 et
452 2811 479 2865 p.
496 2791 555 2845 195.
578 2821 620 2874 —·
654 2791 790 2847 Dedimus
808 2793 874 2850 baec
896 2813 958 2850 ear·

94 2863 152 2917 rios
167 2863 226 2927 bic,
246 2861 809 2932 qunMetsmh01180pboetosangenon
822 2862 960 2919 bocanoo

94 2940 267 3004 iterpretatur
280 2942 329 2986 est.
365 2931 426 2985 Vid.
439 2948 501 3002 epp.
515 2929 577 2986 Vol.
591 2930 626 2985 ll.
638 2949 664 3002 p.
678 2931 738 2988 792

94 3092 238 3188 alipene
261 3088 453 3184 Sophoclis
460 3105 478 3180 ,'
498 3088 563 3163 uli
589 3095 789 3182 exponitur
814 3089 962 3169 tilulum

124 3196 300 3266 Biantis:
328 3190 426 3288 ἄρχα
451 3187 520 3264 τὸν
546 3187 668 3287 ἄνδρά
694 3188 812 3276 δείξει,

141 3337 192 3439 Α)
216 3345 349 3411 lombios
373 3371 412 3410 ox
438 3345 596 3430 Antigono
621 3342 795 3430 Sophoclis.

93 3519 107 3564 1
127 3507 248 3587 pectus
263 3493 373 3565 ullius
389 3505 505 3584 potest
522 3491 719 3584 introspici,

94 3596 136 3667 sis
152 3595 381 3685 Magistratus
396 3595 602 3688 priusquam
619 3592 774 3682 gesserit.

94 3725 122 3784 s,
146 3698 271 3791 siquis
289 3697 327 3767 in
344 3697 442 3787 gravi
458 3697 590 3787 periclo
610 3697 753 3790 civium,
791 3752 796 3762 .

94 3825 118 3870 e
133 3800 321 3870 salutarem
338 3799 451 3869 sciens
468 3799 697 3884 sententiam,

94 3926 113 3971 n
128 3901 255 3971 timore
272 3902 383 3970 victus
398 3901 548 3970 occultat
563 3914 694 3985 tamen,

94 4028 131 4073 nc
145 4004 264 4072 iudico
281 4003 392 4072 civem
407 4025 480 4071 csse
494 4004 627 4071 malum
646 4027 685 4072 ac
700 3999 878 4094 inutilem,

94 4105 118 4175 si
134 4104 214 4198 quis
230 4107 383 4175 antefert
397 4105 501 4172 saluti
518 4105 663 4195 patriae,

94 4208 159 4276 rati
180 4206 284 4274 amici
301 4205 449 4295 gratiam
465 4221 568 4300 atque
584 4228 743 4289 munera,

107 4308 269 4379 omnium
285 4322 336 4378 est
351 4309 553 4378 mortalium
567 4307 831 4378 iniustissimus.

94 4436 119 4480 o
133 4408 248 4479 Deum
265 4424 387 4482 testem
406 4409 550 4493 invoco,
573 4411 602 4477 si
619 4408 752 4498 patriae

94 4514 220 4583 :rimen
238 4511 442 4603 impendere
457 4513 580 4581 videro
595 4535 703 4595 meae,

101 4639 186 4684 voce
201 4614 379 4685 dicturum
395 4628 498 4706 atque
515 4625 632 4682 mente
650 4611 760 4681 libera

96 4717 261 4800 tentiam,
284 4715 464 4785 verissima
479 4739 569 4810 quae
587 4714 778 4790 videbitur.

107 4818 202 4889 ullus
216 4813 328 4887 hostis
342 4818 492 4888 civitatis
506 4818 681 4909 publicus,

94 4919 192 4991 ratim
209 4921 341 4990 amicus
356 4943 429 4989 esse
444 4922 592 4990 ducetur
607 4915 709 4990 mihi.

110 5021 211 5090 navis
228 5017 313 5090 haec
330 5046 419 5114 quae
435 5036 547 5091 servet
565 5045 687 5090 omnes
699 5019 804 5090 unica

94 5125 234 5203 civitas,
262 5149 330 5216 qun
348 5149 425 5192 cum
443 5120 613 5192 vehemnr
628 5125 775 5212 integra,

93 5250 154 5318 psa
168 5227 298 5296 amicos
313 5251 480 5319 quaerere
496 5227 646 5295 florente
663 5226 775 5296 liceat.

1790 301 1794 310 ¹
1926 194 2004 275 sss

1018 375 1064 460 B)
1115 375 1201 441 ldem
1231 332 1318 441 lorus
1348 400 1389 442 ex
1419 373 1569 461 Sophool.
1594 376 1770 461 Antigono,
1802 376 1885 461 apud
1909 375 2002 443 Vino.

1441 503 1475 564 p.
1503 480 1576 547 105.

1069 607 1152 680 Non
1168 609 1311 703 penitus
1327 609 1438 680 ullius
1450 609 1619 681 voluntas
1634 608 1787 700 perspici

1030 780 1037 784 .
1067 709 1209 798 Potest,
1234 713 1439 807 priusquam
1455 713 1620 782 admotus
1633 712 1679 783 ad
1692 707 1870 802 Rempub.

1068 811 1188 905 Fungi
1204 813 1417 905 Magistratu
1432 827 1537 907 atque
1550 812 1710 906 imperiis
1725 813 1891 904 coeperit.

1069 911 1167 1004 Ego,
1192 911 1290 986 huuc
1306 916 1424 986 virum
1442 915 1644 1008 pronuncio
1660 936 1734 984 esse
1748 913 1951 1008 pessimum,

1068 1015 1143 1106 Qui
1158 1018 1335 1089 civitatem
1356 1018 1505 1089 consilio
1519 1038 1643 1110 regens
1655 1040 1733 1097 ruo,

1067 1115 1150 1190 Non
1164 1121 1280 1190 dicere
1295 1122 1403 1191 audet
1417 1119 1569 1213 optimas
1586 1118 1790 1205 sententias,

1070 1219 1278 1315 'latensque
1294 1222 1478 1292 veritatem
1493 1221 1692 1293 dissimulet
1704 1234 1815 1307 metu,

1068 1318 1116 1394 Et
1132 1325 1306 1421 anteierre
1321 1322 1474 1393 emirum
1490 1325 1625 1417 patriae
1638 1322 1740 1396 solet.

1069 1423 1199 1496 Testor
1213 1426 1370 1516 supremi
1387 1449 1520 1494 numen
1537 1426 1751 1494 immensum
1768 1421 1874 1510 lovis,

1068 1524 1107 1597 Si
1126 1526 1211 1620 quid
1228 1527 1360 1596 malurn
1376 1528 1581 1619 impendere
1595 1526 1731 1620 patriae
1747 1525 1883 1611 videro,

1068 1627 1130 1698 Me
1146 1628 1284 1698 civibus
1296 1630 1462 1698 daturum
1477 1629 1513 1698 id
1529 1652 1602 1698 esse
1617 1628 1742 1712 libere,

1063 1726 1212 1801 Nullum
1229 1725 1319 1799 mihi
1334 1731 1460 1801 foedus
1476 1732 1543 1801 erit
1557 1754 1636 1801 cum
1654 1728 1788 1822 patriae
1805 1723 1978 1804 hostibus.

1065 1827 1163 1901 Haeo
1179 1831 1272 1902 salva
1289 1846 1408 1903 tuetur
1420 1846 1455 1904 et
1468 1833 1617 1904 salutem
1631 1830 1764 1901 civium

1068 1932 1112 2001 lu
1128 1928 1195 2003 hac
1212 1935 1344 2004 amicos
1361 1948 1476 2006 stante
1492 1944 1664 2028 quaerant
1679 1931 1824 2022 singuli,

1068 2034 1170 2105 lllom
1188 2036 1308 2107 videro
1324 2036 1386 2130 qui
1401 2036 1608 2127 florentem,
1629 2036 1818 2129 gaudeant.

1756 2267 1996 2285 ..un-*Q

1810 2436 1875 2517 (sn.
1890 2439 1999 2520 1534.)
2061 2366 2068 2373 .

1827 2526 1994 2560 w

1013 2434 1185 2560 ΜΟ.

1112 2629 1195 2701 spus
1214 2629 1343 2688 Vincerat.
1363 2649 1391 2702 p.
1411 2631 1473 2687 22⁸.

1367 2796 1426 2864 tte
1450 2787 1644 2885 Sophocle.

742 2693 955 2732 m
1038 2696 1041 2707 ¹

1028 2937 1214 3017 '‘'Orrovd’
1223 2898 1419 3036 ιὑβρίζειν,
1443 2936 1543 3034 «ipris
1557 2936 1587 3011 τ’
1611 2936 1641 3063 ἃ,
1654 2933 1829 3034 βούλεται
1843 2937 1945 3040 παρὰ

1060 3037 1203 3137 ταύτην
1220 3036 1348 3135 νόμιζε
1363 3038 1433 3136 τὴν
1450 3036 1559 3114 πόλιν
1568 3065 1699 3138 χρονῳ
1714 3035 1803 3115 rro'as

1063 3147 1101 3230 ἐξ
1115 3144 1241 3244 οὔρων
1251 3142 1477 3241 opopanace
1493 3144 1544 3225 eir
1553 3136 1687 3240 [teror
1699 3145 1837 3220 πεσεῖν.
1948 3249 1954 3261 ι

1354 3318 1517 3406 Philippus
1541 3325 1652 3384 vertit:

1061 3450 1131 3524 Ubi
1152 3451 1352 3543 petulanter
1364 3452 1476 3520 lacere
1493 3446 1691 3542 quodlibet
1708 3448 1801 3534 licet,
1863 3490 1865 3496 =

1061 3555 1265 3645 Legumque
1282 3575 1348 3620 vox
1362 3565 1395 3622 et
1409 3552 1461 3621 ira
1476 3549 1630 3618 vindicis
1645 3547 1713 3620 Dei

1059 3655 1261 3739 Ridentur,
1282 3677 1321 3723 ac
1339 3652 1446 3722 inane
1462 3675 1593 3721 nomen
1608 3663 1662 3722 est
1675 3655 1806 3744 pudor:

1060 3757 1193 3848 Magno
1208 3769 1288 3826 ruet
1302 3755 1417 3825 ventis
1434 3753 1598 3825 secundis
1614 3753 1760 3846 impetu,

1057 3858 1149 3931 Mox
1163 3859 1202 3928 in
1220 3858 1437 3950 profundum
1452 3878 1567 3927 mersa
1584 3869 1657 3927 tota
1672 3854 1806 3930 civitas.

1005 4082 1196 4097 ..ι-.-

1008 4223 1074 4295 Νο.
1097 4221 1183 4295 121.

1013 4318 1185 4348 Μ

1796 4250 1843 4289 on.
1873 4227 1967 4290 1534.

1775 4317 1985 4354 Μ

1075 4436 1106 4493 ln
1120 4455 1184 4562 opp.
1201 4436 1269 4494 Mel.
1283 4434 1370 4517 Βυίῐ.Ι
1379 4435 1415 4487 Τ.
1427 4433 1462 4490 V.
1474 4453 1501 4544 pi
1514 4433 1578 4517 8493
1614 4433 1646 4488 ln
1661 4430 1779 4514 §criptis
1798 4416 1874 4511 publ.
1894 4427 1993 4549 1ΓἯΙΙΙ.

1106 4504 1421 4641 ἷιὶηιῗὲιῗῶἶῖδέἆηῖἐ
1438 4500 1926 4640 li,ttdl'i‘ill'vlill'lillllif
1936 4515 1993 4648 tili.

1111 4645 1196 4706 1535„
1217 4643 1395 4714 intelligitur,
1419 4640 1627 4695 Molrntbonem
1642 4635 1776 4694 cutm
1795 4634 1866 4691 lecto
1887 4645 1992 4692 notass-

1054 4751 1055 4754 =
1109 4715 1170 4770 tatis
1185 4713 1286 4767 Christi
1298 4712 1352 4767 boo
1365 4727 1478 4767 carmen
1494 4709 1600 4765 tectae

1005 4880 1066 4950 De
1081 4875 1507 4971 contioneAnpetorumr
1528 4870 1658 4943 Gloria
1670 4869 1883 4941 inexcelrto
1892 4864 1993 4939 Dool

1007 5031 1126 5120 Quare
1142 5031 1185 5098 ad
1201 5041 1358 5119 pastores
1373 5023 1529 5114 primum
1545 5047 1613 5092 vox
1626 5021 1758 5092 nuncia
1774 5019 1891 5105 venit,

1056 5128 1249 5220 Angelicus
1265 5152 1401 5199 summa
1418 5148 1524 5219 qrrum
1541 5124 1624 5198 tulit
1638 5147 1717 5194 arce
1737 5117 1891 5193 chorus?

1005 5231 1139 5324 Nempe
1155 5249 1194 5302 ut
1211 5231 1397 5323 praecipue
1411 5244 1567 5319 pastores
1582 5224 1749 5298 carminis
1762 5217 1871 5310 huius

963 5379 967 5390 ·
1058 5333 1237 5406 Gentibus
1253 5346 1392 5404 autores
1410 5354 1483 5401 esse
1499 5332 1677 5424 ducesque
1692 5326 1816 5399 velint.
